代码,名称,最新价,IOPV实时估值,基金折价率,涨跌额,涨跌幅,成交量,成交额,开盘价,最高价,最低价,昨收,振幅,换手率,量比,委比,外盘,内盘,主力净流入-净额,主力净流入-净占比,超大单净流入-净额,超大单净流入-净占比,大单净流入-净额,大单净流入-净占比,中单净流入-净额,中单净流入-净占比,小单净流入-净额,小单净流入-净占比,现手,买一,卖一,最新份额,流通市值,总市值,数据日期,更新时间
159050,机器人ETF广发,1.143,1.1229,-1.79,0.104,10.01,1139262.0,126918887.61,1.049,1.143,1.047,1.039,9.24,42.56,2.58,100.0,634949.0,504313.0,-21974374.0,-17.31,-15948682.0,-12.57,-6025692.0,-4.75,12126000.0,9.55,9848374.0,7.76,-35317.0,1.143,,267703612.0,305985229,305985229,2026-07-03,2026-07-03 15:34:00+08:00
159039,机器人ETF华安,1.124,1.1091,-1.34,0.098,9.55,1330860.0,145698552.407,1.031,1.129,1.031,1.026,9.55,49.95,2.32,-46.61,657068.0,673793.0,-5646243.0,-3.88,-11558398.0,-7.93,5912155.0,4.06,2854798.0,1.96,2791444.0,1.92,-16520.0,1.124,1.126,266461422.0,299502638,299502638,2026-07-03,2026-07-03 15:34:54+08:00
159278,机器人ETF鹏华,1.261,1.2504,-0.85,0.108,9.37,4438950.0,547923591.043,1.161,1.268,1.161,1.153,9.28,33.56,2.36,78.74,2463485.0,1975465.0,-13141541.0,-2.4,-30713856.0,-5.61,17572315.0,3.21,12937692.0,2.36,203848.0,0.04,-49921.0,1.261,1.262,1322545856.0,1667730324,1667730324,2026-07-03,2026-07-03 15:34:48+08:00
159272,机器人ETF富国,1.075,1.0634,-1.09,0.091,9.25,5865551.0,615202231.022,0.995,1.082,0.993,0.984,9.04,28.57,2.6,57.94,3491653.0,2373898.0,3607479.0,0.59,18877667.0,3.07,-15270188.0,-2.48,-5899912.0,-0.96,2292432.0,0.37,65307.0,1.074,1.075,2053164688.0,2207152040,2207152040,2026-07-03,2026-07-03 15:34:18+08:00
159559,机器人ETF景顺,1.594,1.577,-1.08,0.129,8.81,2620758.0,407830582.617,1.466,1.612,1.466,1.465,9.97,16.32,1.6,60.17,1632291.0,988467.0,39823095.0,9.76,15098225.0,3.7,24724870.0,6.06,-13389912.0,-3.28,-26433184.0,-6.48,-23515.0,1.594,1.595,1605576624.0,2559289139,2559289139,2026-07-03,2026-07-03 15:34:57+08:00
159048,机器人ETF大成,1.144,1.1383,-0.5,0.092,8.75,458599.0,51573001.575,1.054,1.157,1.054,1.052,9.79,31.24,1.8,30.6,268773.0,189826.0,-2189787.0,-4.25,148832.0,0.29,-2338619.0,-4.53,575795.0,1.12,1613991.0,3.13,-6787.0,1.144,1.148,146803897.0,167943658,167943658,2026-07-03,2026-07-03 15:34:57+08:00
159530,机器人ETF易方达,1.776,1.7581,-1.02,0.142,8.69,16428239.0,2857802678.571,1.647,1.797,1.647,1.634,9.18,15.76,1.93,79.91,9469038.0,6959201.0,-8116336.0,-0.28,-90455008.0,-3.17,82338672.0,2.88,61702544.0,2.16,-53586224.0,-1.88,-199559.0,1.776,1.777,10423613184.0,18512337015,18512337015,2026-07-03,2026-07-03 15:34:15+08:00
513290,纳指生物科技ETF汇添富,1.795,1.6624,-7.98,0.134,8.07,5480656.0,967110112.0,1.725,1.81,1.714,1.661,5.78,56.47,1.56,-56.7,2845218.0,2635438.0,-17277749.0,-1.79,2671851.0,0.28,-19949600.0,-2.06,19328944.0,2.0,-2051207.0,-0.21,-6995.0,1.795,1.798,970572096.0,1742176912,1742176912,2026-07-03,2026-07-03 16:11:47+08:00
159322,黄金股ETF平安,1.439,1.42,-1.34,0.1,7.47,175382.0,25108692.1,1.394,1.444,1.394,1.339,3.73,14.45,2.45,41.07,106542.0,68840.0,-2124646.0,-8.46,-911965.0,-3.63,-1212681.0,-4.83,938818.0,3.74,1185829.0,4.72,-1504.0,1.439,1.44,121411691.0,174711423,174711423,2026-07-03,2026-07-03 15:34:48+08:00
159551,机器人ETF国泰,1.57,1.5505,-1.26,0.109,7.46,444354.0,68334339.2,1.437,1.594,1.437,1.461,10.75,17.85,2.13,-35.22,270828.0,173526.0,4124857.0,6.04,-3588443.0,-5.25,7713300.0,11.29,-3561166.0,-5.21,-563690.0,-0.82,8439.0,1.569,1.57,248920923.0,390805849,390805849,2026-07-03,2026-07-03 15:34:30+08:00
159502,标普生物科技ETF嘉实,1.729,1.615,-7.06,0.119,7.39,4718470.0,794974164.797,1.67,1.729,1.658,1.61,4.41,42.23,1.03,3.28,2642727.0,2075743.0,-14746511.0,-1.85,-13133647.0,-1.65,-1612864.0,-0.2,-9306971.0,-1.17,24053478.0,3.03,-32661.0,1.729,1.73,1117323024.0,1931851508,1931851508,2026-07-03,2026-07-03 15:34:15+08:00
159562,黄金股ETF华夏,1.933,1.9074,-1.34,0.131,7.27,1311920.0,252009250.988,1.88,1.94,1.873,1.802,3.72,5.99,1.67,19.66,663296.0,648624.0,-16345065.0,-6.49,-11618325.0,-4.61,-4726740.0,-1.88,-5118013.0,-2.03,21463077.0,8.52,28685.0,1.932,1.933,2190130512.0,4233522280,4233522280,2026-07-03,2026-07-03 15:34:45+08:00
560630,机器人ETF万家,1.359,1.3458,-0.98,0.092,7.26,298713.0,40129019.0,1.267,1.393,1.267,1.267,9.94,25.02,3.02,-54.01,158709.0,140004.0,-5995519.0,-14.94,-5629993.0,-14.03,-365526.0,-0.91,3370098.0,8.4,2625421.0,6.54,14.0,1.357,1.358,119394000.0,162256446,162256446,2026-07-03,2026-07-03 16:11:54+08:00
517520,黄金股ETF永赢,1.776,1.7598,-0.92,0.12,7.25,6252721.0,1112012976.0,1.733,1.8,1.706,1.656,5.68,13.26,3.39,-24.17,3084124.0,3168596.0,-34923303.0,-3.14,-82215312.0,-7.39,47292009.0,4.25,32681557.0,2.94,2241745.0,0.2,-775.0,1.775,1.777,4716903936.0,8377221390,8377221390,2026-07-03,2026-07-03 16:11:39+08:00
159315,黄金股ETF工银,1.451,1.4349,-1.12,0.097,7.16,305200.0,44107982.2,1.412,1.461,1.406,1.354,4.06,15.37,2.26,48.13,161340.0,143860.0,-4210856.0,-9.55,309505.0,0.7,-4520361.0,-10.25,1718171.0,3.9,2492686.0,5.65,-4365.0,1.451,1.452,198589621.0,288153540,288153540,2026-07-03,2026-07-03 15:34:51+08:00
159213,机器人ETF汇添富,1.451,1.4364,-1.02,0.096,7.08,756847.0,107755014.082,1.352,1.488,1.35,1.355,10.18,18.56,1.85,-14.79,439683.0,317164.0,-3223717.0,-2.99,-7683586.0,-7.13,4459869.0,4.14,-679986.0,-0.63,3903704.0,3.62,11367.0,1.45,1.451,407737568.0,591627211,591627211,2026-07-03,2026-07-03 15:34:30+08:00
159321,黄金股ETF华安,1.364,1.3472,-1.25,0.09,7.06,589987.0,80011790.7,1.332,1.369,1.325,1.274,3.45,15.57,2.28,-2.47,270856.0,319131.0,-807080.0,-1.01,344466.0,0.43,-1151546.0,-1.44,2270573.0,2.84,-1463492.0,-1.83,9383.0,1.363,1.364,378900400.0,516820146,516820146,2026-07-03,2026-07-03 15:34:45+08:00
562360,机器人ETF银华,1.302,1.2989,-0.24,0.085,6.98,549599.0,70182568.0,1.215,1.322,1.215,1.217,8.79,21.94,2.41,-12.64,273461.0,276138.0,-4028188.0,-5.74,-10967847.0,-15.63,6939659.0,9.89,2957886.0,4.21,1070303.0,1.53,30.0,1.301,1.302,250474000.0,326117148,326117148,2026-07-03,2026-07-03 16:11:58+08:00
560770,机器人ETF招商,1.195,1.1839,-0.94,0.078,6.98,597679.0,70105664.0,1.115,1.218,1.115,1.117,9.22,4.23,1.59,2.25,353959.0,243720.0,2718884.0,3.88,6519793.0,9.3,-3800909.0,-5.42,-3624958.0,-5.17,906074.0,1.29,52.0,1.194,1.195,1411633008.0,1686901445,1686901445,2026-07-03,2026-07-03 16:11:58+08:00
159258,机器人ETF南方,1.35,1.3399,-0.75,0.087,6.89,528806.0,70297567.8,1.258,1.38,1.258,1.263,9.66,4.56,1.95,7.61,329845.0,198961.0,-3300584.0,-4.7,-7058692.0,-10.04,3758108.0,5.35,3178529.0,4.52,122054.0,0.17,6142.0,1.349,1.35,1159265664.0,1565008646,1565008646,2026-07-03,2026-07-03 15:34:33+08:00
159526,机器人ETF嘉实,1.771,1.7561,-0.85,0.114,6.88,469261.0,82210946.0,1.657,1.815,1.657,1.657,9.54,8.9,1.69,-25.83,286604.0,182657.0,-5299377.0,-6.45,-5915422.0,-7.2,616045.0,0.75,5309659.0,6.46,-10280.0,-0.01,1897.0,1.77,1.771,527462960.0,934136902,934136902,2026-07-03,2026-07-03 15:34:36+08:00
562500,机器人ETF华夏,1.203,1.1947,-0.69,0.076,6.74,17578164.0,2082639709.0,1.124,1.229,1.124,1.127,9.32,11.21,2.05,-6.26,10349992.0,7228173.0,86073856.0,4.13,10423856.0,0.5,75650000.0,3.63,3418240.0,0.16,-89492105.0,-4.3,-134.0,1.203,1.204,15682187264.0,18865671279,18865671279,2026-07-03,2026-07-03 16:11:38+08:00
159770,机器人ETF天弘,1.245,1.2372,-0.63,0.077,6.59,3996258.0,489613341.2,1.16,1.266,1.16,1.168,9.08,7.54,1.93,-17.93,2459324.0,1536934.0,63143120.0,12.9,76719312.0,15.67,-13576192.0,-2.77,-35030494.0,-7.15,-28112626.0,-5.74,49555.0,1.244,1.245,5302087680.0,6601099162,6601099162,2026-07-03,2026-07-03 15:34:09+08:00
159565,汽车零部件ETF易方达,1.534,1.5167,-1.14,0.09,6.23,367625.0,55430753.4,1.436,1.54,1.423,1.444,8.1,26.71,1.69,58.72,221469.0,146156.0,3679081.0,6.64,-3166398.0,-5.71,6845479.0,12.35,-5874951.0,-10.6,2195870.0,3.96,991.0,1.533,1.534,137627231.0,211120172,211120172,2026-07-03,2026-07-03 15:34:39+08:00
517400,黄金股ETF国泰,1.401,1.389,-0.86,0.082,6.22,902029.0,126081423.0,1.38,1.41,1.369,1.319,3.11,11.55,2.61,-7.87,487331.0,414698.0,-20494634.0,-16.26,-10858491.0,-8.61,-9636143.0,-7.64,14647691.0,11.62,5846942.0,4.64,41.0,1.4,1.401,780792000.0,1093889592,1093889592,2026-07-03,2026-07-03 16:11:57+08:00
159567,港股创新药ETF银华,0.682,0.6773,-0.69,0.037,5.74,29725531.0,1998037662.704,0.659,0.682,0.658,0.645,3.72,27.82,1.08,9.06,16479564.0,13245967.0,20465920.0,1.02,60766976.0,3.04,-40301056.0,-2.02,-11517192.0,-0.58,-8948713.0,-0.45,-153964.0,0.682,0.683,10684729856.0,7286985762,7286985762,2026-07-03,2026-07-03 15:34:00+08:00
159121,港股通汽车ETF易方达,0.76,0.7567,-0.44,0.04,5.56,1446082.0,109267195.824,0.728,0.764,0.728,0.72,5.0,132.09,8.58,-33.24,775009.0,671074.0,-4011205.0,-3.67,-3352486.0,-3.07,-658719.0,-0.6,2158681.0,1.98,1852525.0,1.7,7617.0,0.759,0.76,109481127.0,83205657,83205657,2026-07-03,2026-07-03 15:34:24+08:00
520500,恒生创新药ETF华泰柏瑞,1.392,1.3881,-0.28,0.073,5.53,15879834.0,2172970698.0,1.353,1.394,1.343,1.319,3.87,81.21,0.98,-7.69,8322514.0,7557320.0,65489424.0,3.01,17217984.0,0.79,48271440.0,2.22,-53407488.0,-2.46,-12081932.0,-0.56,-408.0,1.392,1.393,1955305008.0,2721784571,2721784571,2026-07-03,2026-07-03 16:11:55+08:00
159506,港股通创新药医疗ETF富国,1.208,1.1979,-0.84,0.063,5.5,6797218.0,809538411.5,1.168,1.208,1.167,1.145,3.58,32.01,1.08,35.77,3519005.0,3278213.0,14112582.0,1.74,6830646.0,0.84,7281936.0,0.9,-12093336.0,-1.49,-2019258.0,-0.25,-12879.0,1.208,1.209,2123536976.0,2565232667,2565232667,2026-07-03,2026-07-03 15:34:39+08:00
562700,汽车零部件ETF华夏,1.412,1.4042,-0.56,0.073,5.45,254140.0,35336329.0,1.343,1.425,1.339,1.339,6.42,25.74,1.72,-21.66,134601.0,119539.0,-2351108.0,-6.65,169504.0,0.48,-2520612.0,-7.13,1249900.0,3.54,1101208.0,3.12,-272.0,1.412,1.413,98750000.0,139435000,139435000,2026-07-03,2026-07-03 16:11:45+08:00
513930,恒生生物科技ETF华泰柏瑞,0.948,0.9441,-0.41,0.048,5.33,1453293.0,135522609.0,0.923,0.948,0.921,0.9,3.0,187.74,0.97,11.32,726187.0,727106.0,-241159.0,-0.18,1283579.0,0.95,-1524738.0,-1.13,1191640.0,0.88,-950480.0,-0.7,18.0,0.946,0.948,77408000.0,73382784,73382784,2026-07-03,2026-07-03 16:11:46+08:00
159570,港股通创新药ETF汇添富,1.408,1.4009,-0.51,0.071,5.31,30460796.0,4229246587.992,1.368,1.409,1.366,1.337,3.22,19.3,1.17,-2.11,15986460.0,14474336.0,133312272.0,3.15,81355824.0,1.92,51956448.0,1.23,-120996144.0,-2.86,-12316122.0,-0.29,-151365.0,1.408,1.409,15780597248.0,22219080925,22219080925,2026-07-03,2026-07-03 15:34:33+08:00
159306,汽车零部件ETF平安,1.353,1.3482,-0.36,0.068,5.29,59184.0,7892116.6,1.288,1.368,1.288,1.285,6.23,29.23,3.57,71.92,32987.0,26197.0,-767570.0,-9.73,79151.0,1.0,-846721.0,-10.73,303903.0,3.85,463668.0,5.88,-996.0,1.353,1.354,20244616.0,27390965,27390965,2026-07-03,2026-07-03 15:34:06+08:00
159105,恒生生物科技ETF易方达,0.846,0.8449,-0.13,0.042,5.22,2520318.0,210516139.0,0.82,0.848,0.819,0.804,3.61,107.58,1.24,6.16,1326991.0,1193327.0,2085275.0,0.99,-14124715.0,-6.71,16209990.0,7.7,-3571693.0,-1.7,1486418.0,0.71,1613.0,0.845,0.846,234272984.0,198194944,198194944,2026-07-03,2026-07-03 15:34:06+08:00
159206,卫星ETF永赢,1.795,1.7953,0.02,0.089,5.22,12904542.0,2297108177.058,1.701,1.808,1.701,1.706,6.27,12.03,1.27,40.92,7800928.0,5103614.0,27087008.0,1.18,-58380272.0,-2.54,85467280.0,3.72,33450608.0,1.46,-60537597.0,-2.64,-50789.0,1.795,1.796,10725953280.0,19253086138,19253086138,2026-07-03,2026-07-03 15:34:42+08:00
520970,港股通创新药ETF嘉实,0.804,0.8058,0.22,0.039,5.1,1517939.0,120331073.0,0.779,0.805,0.777,0.765,3.66,11.53,0.88,-31.76,805543.0,712396.0,7591985.0,6.31,-318153.0,-0.26,7910138.0,6.57,-6604472.0,-5.49,-987513.0,-0.82,-75.0,0.803,0.804,1316358000.0,1058351832,1058351832,2026-07-03,2026-07-03 16:11:39+08:00
159130,恒生生物科技ETF鹏华,0.848,0.8474,-0.07,0.041,5.08,229959.0,19251212.92,0.82,0.849,0.82,0.807,3.59,9.18,1.3,-13.48,132043.0,97916.0,959105.0,4.98,908441.0,4.72,50664.0,0.26,-209051.0,-1.09,-750055.0,-3.9,327.0,0.845,0.848,250389466.0,212330267,212330267,2026-07-03,2026-07-03 15:34:30+08:00
516110,汽车ETF国泰,1.168,1.1632,-0.41,0.056,5.04,547097.0,63114098.0,1.109,1.17,1.109,1.112,5.49,27.27,1.81,-17.56,298833.0,248264.0,-2392030.0,-3.79,-314005.0,-0.5,-2078025.0,-3.29,-203237.0,-0.32,2595267.0,4.11,898.0,1.165,1.166,200623100.0,234327781,234327781,2026-07-03,2026-07-03 16:11:39+08:00
159297,港股通创新药ETF南方,0.71,0.7076,-0.34,0.034,5.03,7001675.0,492737935.108,0.688,0.714,0.688,0.676,3.85,24.22,1.1,-44.44,3741277.0,3260398.0,-37100872.0,-7.53,-35986669.0,-7.3,-1114203.0,-0.23,26383158.0,5.35,10717714.0,2.18,-10796.0,0.71,0.711,2890418640.0,2052197234,2052197234,2026-07-03,2026-07-03 15:34:15+08:00
159718,港股医药ETF平安,0.814,0.8094,-0.57,0.039,5.03,737432.0,59039279.777,0.791,0.814,0.79,0.775,3.1,32.37,1.27,11.41,377274.0,360158.0,4574085.0,7.75,978908.0,1.66,3595177.0,6.09,-3606008.0,-6.11,-968078.0,-1.64,1382.0,0.813,0.814,227832634.0,185455764,185455764,2026-07-03,2026-07-03 15:34:15+08:00
560710,船舶ETF富国,0.921,0.9188,-0.24,0.043,4.9,1621989.0,147955551.0,0.877,0.927,0.877,0.878,5.69,8.28,1.77,8.9,997410.0,624579.0,24850936.0,16.8,12336481.0,8.34,12514455.0,8.46,-15433816.0,-10.43,-9417121.0,-6.36,-33.0,0.92,0.922,1958580000.0,1803852180,1803852180,2026-07-03,2026-07-03 16:11:42+08:00
159615,恒生生物科技ETF南方,1.027,1.026,-0.1,0.048,4.9,1328173.0,134571993.1,0.996,1.029,0.994,0.979,3.58,23.63,0.89,-15.69,682362.0,645811.0,3702325.0,2.75,-1758065.0,-1.31,5460390.0,4.06,-1204296.0,-0.89,-2498029.0,-1.86,843.0,1.026,1.027,562054896.0,577230378,577230378,2026-07-03,2026-07-03 15:34:57+08:00
159286,港股通创新药ETF鹏华,0.729,0.7244,-0.64,0.034,4.89,3136464.0,225704006.196,0.71,0.729,0.709,0.695,2.88,39.61,1.54,10.06,1645741.0,1490723.0,1019435.0,0.45,731603.0,0.32,287832.0,0.13,-2420395.0,-1.07,1400959.0,0.62,17796.0,0.728,0.729,791785408.0,577211562,577211562,2026-07-03,2026-07-03 15:34:57+08:00
513120,港股创新药ETF广发,1.161,1.1618,0.07,0.054,4.88,71377570.0,8163463253.0,1.128,1.162,1.124,1.107,3.43,30.81,0.97,-15.55,38759057.0,32618512.0,311601008.0,3.82,344385952.0,4.22,-32784944.0,-0.4,-203462336.0,-2.49,-108138672.0,-1.32,-961.0,1.161,1.162,23165135360.0,26894722153,26894722153,2026-07-03,2026-07-03 16:11:58+08:00
520700,港股通创新药ETF万家,1.439,1.442,0.21,0.067,4.88,2592279.0,367895259.0,1.397,1.442,1.397,1.372,3.28,51.84,0.83,-53.28,1336031.0,1256248.0,12014103.0,3.27,2948943.0,0.8,9065160.0,2.46,-10113704.0,-2.75,-1900400.0,-0.52,82.0,1.437,1.438,500076000.0,719609364,719609364,2026-07-03,2026-07-03 16:11:54+08:00
513200,港股通医药ETF易方达,0.97,0.9714,0.14,0.045,4.86,2375292.0,227287028.0,0.941,0.972,0.941,0.925,3.35,23.12,0.9,-24.23,1248498.0,1126794.0,8736016.0,3.84,11137246.0,4.9,-2401230.0,-1.06,-6351547.0,-2.79,-2384467.0,-1.05,100.0,0.969,0.97,1027282096.0,996463633,996463633,2026-07-03,2026-07-03 16:11:53+08:00
159892,恒生医药ETF华夏,0.715,0.7158,0.11,0.033,4.84,13506293.0,954236513.709,0.694,0.717,0.693,0.682,3.52,20.3,1.02,-39.0,7334618.0,6171675.0,735120.0,0.08,25525504.0,2.67,-24790384.0,-2.6,-8036208.0,-0.84,7301099.0,0.77,49930.0,0.714,0.715,6654266112.0,4757800270,4757800270,2026-07-03,2026-07-03 15:34:21+08:00
159267,航天ETF华安,0.982,0.9806,-0.14,0.045,4.8,1936648.0,188283217.62,0.937,0.986,0.936,0.937,5.34,8.2,1.22,-3.76,1139674.0,796974.0,13066051.0,6.94,12223832.0,6.49,842219.0,0.45,-3746485.0,-1.99,-9319566.0,-4.95,-9170.0,0.982,0.983,2361506128.0,2318999018,2318999018,2026-07-03,2026-07-03 15:34:57+08:00
513060,恒生医疗ETF博时,0.526,0.5285,0.47,0.024,4.78,15500705.0,803817137.0,0.509,0.527,0.508,0.502,3.78,13.87,0.92,-26.12,8687026.0,6813679.0,52282996.0,6.5,77008400.0,9.58,-24725404.0,-3.08,-37343860.0,-4.65,-14939145.0,-1.86,16620.0,0.525,0.526,11172893184.0,5876941815,5876941815,2026-07-03,2026-07-03 16:11:47+08:00
159316,港股通创新药ETF易方达,1.12,1.1148,-0.47,0.051,4.77,13919852.0,1543124790.93,1.087,1.125,1.086,1.069,3.65,34.16,1.26,-9.49,7183424.0,6736428.0,18276528.0,1.18,-8762352.0,-0.57,27038880.0,1.75,-7100816.0,-0.46,-11175699.0,-0.72,-35687.0,1.12,1.121,4074336144.0,4563256481,4563256481,2026-07-03,2026-07-03 15:34:15+08:00
159102,港股通生物科技ETF华安,0.747,0.7472,0.03,0.034,4.77,1603947.0,118295570.381,0.722,0.749,0.722,0.713,3.79,20.33,1.42,-66.19,836951.0,766997.0,4012921.0,3.39,1845565.0,1.56,2167356.0,1.83,-3794034.0,-3.21,-218887.0,-0.19,2264.0,0.746,0.747,789122000.0,589474134,589474134,2026-07-03,2026-07-03 15:34:18+08:00
520880,港股通创新药ETF华宝,0.44,0.4418,0.41,0.02,4.76,15376668.0,669397073.0,0.428,0.44,0.428,0.42,2.86,27.36,1.0,-20.22,8042758.0,7333910.0,15324466.0,2.29,31191392.0,4.66,-15866926.0,-2.37,-14590695.0,-2.18,-733762.0,-0.11,1889.0,0.439,0.44,5619618048.0,2472631941,2472631941,2026-07-03,2026-07-03 16:11:51+08:00
520760,恒生生物科技ETF摩根,0.88,0.8814,0.16,0.04,4.76,285871.0,24863471.0,0.861,0.882,0.856,0.84,3.1,14.26,1.16,-17.77,144550.0,141321.0,1868657.0,7.52,1977515.0,7.95,-108858.0,-0.44,-1641158.0,-6.6,-227499.0,-0.91,1.0,0.879,0.88,200466000.0,176410080,176410080,2026-07-03,2026-07-03 16:12:01+08:00
513280,恒生生物科技ETF汇添富,1.012,1.0136,0.16,0.046,4.76,1315061.0,131280269.0,0.987,1.014,0.981,0.966,3.42,32.22,0.96,-18.07,668679.0,646382.0,4156253.0,3.17,4538280.0,3.46,-382027.0,-0.29,-2301016.0,-1.75,-1855237.0,-1.41,-767.0,1.012,1.013,408114496.0,413011870,413011870,2026-07-03,2026-07-03 16:11:34+08:00
513780,港股创新药ETF景顺,1.496,1.4977,0.11,0.067,4.69,3228430.0,476898435.0,1.456,1.499,1.456,1.429,3.01,18.4,0.75,-23.94,1621748.0,1606682.0,25637126.0,5.38,16479929.0,3.46,9157197.0,1.92,-19076098.0,-4.0,-6561029.0,-1.38,-503.0,1.496,1.497,1754657008.0,2624966884,2624966884,2026-07-03,2026-07-03 16:11:48+08:00
561660,通用航空ETF平安,1.038,1.0356,-0.23,0.046,4.64,55192.0,5651911.0,0.992,1.042,0.992,0.992,5.04,9.24,1.06,-13.61,36171.0,19021.0,140307.0,2.48,0.0,0.0,140307.0,2.48,118585.0,2.1,-258892.0,-4.58,500.0,1.037,1.038,59710000.0,61978980,61978980,2026-07-03,2026-07-03 16:11:57+08:00
159366,港股医疗ETF永赢,1.263,1.2602,-0.22,0.056,4.64,1023756.0,127189855.8,1.22,1.265,1.22,1.207,3.73,50.6,1.06,-5.02,541295.0,482461.0,2399757.0,1.89,1813955.0,1.43,585802.0,0.46,-521893.0,-0.41,-1877864.0,-1.48,2926.0,1.262,1.263,202333072.0,255546670,255546670,2026-07-03,2026-07-03 15:34:42+08:00
526010,港股通医疗ETF汇添富,0.903,0.9076,0.51,0.04,4.63,142252.0,12712613.0,0.869,0.907,0.869,0.863,4.4,16.65,1.67,-30.94,79836.0,62416.0,342353.0,2.69,2239254.0,17.61,-1896901.0,-14.92,-325780.0,-2.56,-16573.0,-0.13,-2.0,0.903,0.904,85458000.0,77168574,77168574,2026-07-03,2026-07-03 16:11:40+08:00
159239,港股通汽车ETF富国,0.798,0.7954,-0.33,0.035,4.59,257502.0,20304921.9,0.764,0.801,0.764,0.763,4.85,32.89,2.65,-20.79,141798.0,115704.0,852716.0,4.2,1436266.0,7.07,-583550.0,-2.87,-410528.0,-2.02,-442188.0,-2.18,535.0,0.797,0.798,78280753.0,62468041,62468041,2026-07-03,2026-07-03 15:34:12+08:00
159169,恒生生物科技ETF广发,0.896,0.8983,0.26,0.039,4.55,512926.0,45503854.149,0.871,0.9,0.871,0.857,3.38,26.73,1.17,-86.59,248438.0,264488.0,4052567.0,8.91,732347.0,1.61,3320220.0,7.3,-3286125.0,-7.22,-766441.0,-1.68,-752.0,0.896,0.897,191874485.0,171919539,171919539,2026-07-03,2026-07-03 15:34:36+08:00
159208,航空航天ETF万家,1.195,1.1943,-0.06,0.052,4.55,288027.0,34091430.4,1.145,1.202,1.145,1.143,4.99,9.28,1.13,9.63,179964.0,108063.0,2633592.0,7.73,1171826.0,3.44,1461766.0,4.29,197489.0,0.58,-2831082.0,-8.3,-1900.0,1.195,1.196,310462784.0,371003027,371003027,2026-07-03,2026-07-03 15:34:00+08:00
520510,港股通医疗ETF华夏,0.827,0.8273,0.04,0.036,4.55,2447259.0,199502240.0,0.8,0.829,0.8,0.791,3.67,111.38,1.31,-14.57,1258833.0,1188426.0,3239939.0,1.62,-520234.0,-0.26,3760173.0,1.88,-2361754.0,-1.18,-878185.0,-0.44,5.0,0.826,0.827,219728000.0,181715056,181715056,2026-07-03,2026-07-03 16:11:42+08:00
159557,恒生医疗ETF嘉实,1.336,1.3413,0.4,0.058,4.54,1065949.0,140776030.7,1.304,1.342,1.296,1.278,3.6,69.72,1.14,42.65,546489.0,519460.0,-101411.0,-0.07,-1219082.0,-0.87,1117671.0,0.79,-1564213.0,-1.11,1665624.0,1.18,842.0,1.335,1.336,152894955.0,204267660,204267660,2026-07-03,2026-07-03 15:34:36+08:00
520690,港股创新药ETF博时,0.716,0.7171,0.15,0.031,4.53,2136408.0,151450135.0,0.699,0.718,0.699,0.685,2.77,30.37,1.04,-25.73,1111821.0,1024587.0,5599268.0,3.7,-2118025.0,-1.4,7717293.0,5.1,-5601276.0,-3.7,2008.0,0.0,204.0,0.715,0.716,703454000.0,503673064,503673064,2026-07-03,2026-07-03 16:11:35+08:00
520850,港股通医疗ETF易方达,0.785,0.7857,0.09,0.034,4.53,215665.0,16686109.0,0.756,0.785,0.756,0.751,3.86,12.89,0.95,2.33,129823.0,85842.0,1086868.0,6.51,279082.0,1.67,807786.0,4.84,-784902.0,-4.7,-301965.0,-1.81,14.0,0.784,0.785,167249600.0,131290936,131290936,2026-07-03,2026-07-03 16:12:01+08:00
513700,港股通医药ETF鹏华,0.577,0.5801,0.53,0.025,4.53,2640114.0,150578095.0,0.562,0.579,0.56,0.552,3.44,28.7,0.91,-37.03,1391507.0,1248607.0,11096745.0,7.37,14810920.0,9.84,-3714175.0,-2.47,-8837116.0,-5.87,-2259630.0,-1.5,-17.0,0.577,0.578,919846000.0,530751142,530751142,2026-07-03,2026-07-03 16:11:55+08:00
563870,通用航空ETF鹏华,0.75,0.7499,-0.01,0.032,4.46,34298.0,2550923.0,0.713,0.753,0.713,0.718,5.57,3.26,0.69,-37.14,15228.0,19070.0,495631.0,19.43,0.0,0.0,495631.0,19.43,-259708.0,-10.18,-235924.0,-9.25,-5.0,0.751,0.752,105303900.0,78977925,78977925,2026-07-03,2026-07-03 16:11:40+08:00
159137,港股通医疗ETF华宝,0.845,0.846,0.12,0.036,4.45,770861.0,64285868.954,0.822,0.848,0.822,0.809,3.21,42.44,1.2,-22.5,402242.0,368619.0,4807657.0,7.48,-976507.0,-1.52,5784164.0,9.0,-4053113.0,-6.3,-754545.0,-1.17,945.0,0.844,0.845,181632607.0,153479553,153479553,2026-07-03,2026-07-03 15:34:21+08:00
159227,航空航天ETF华夏,1.153,1.1509,-0.18,0.049,4.44,3942559.0,450637989.658,1.104,1.157,1.104,1.104,4.8,9.12,1.4,-6.57,2408314.0,1534245.0,37059321.0,8.22,44003705.0,9.76,-6944384.0,-1.54,-13079709.0,-2.9,-23979611.0,-5.32,-32605.0,1.153,1.154,4323911168.0,4985469577,4985469577,2026-07-03,2026-07-03 15:34:03+08:00
159776,港股医药ETF银华,1.083,1.0854,0.22,0.046,4.44,455628.0,48804525.4,1.054,1.087,1.054,1.037,3.18,53.0,1.57,80.56,233692.0,221936.0,538471.0,1.1,142346.0,0.29,396125.0,0.81,-384853.0,-0.79,-153618.0,-0.31,-733.0,1.083,1.084,85968765.0,93104172,93104172,2026-07-03,2026-07-03 15:34:12+08:00
159241,航空航天ETF天弘,1.18,1.1787,-0.11,0.05,4.42,1316935.0,153864484.1,1.13,1.186,1.13,1.13,4.96,12.66,1.35,-1.94,769102.0,547833.0,10965045.0,7.13,10694979.0,6.95,270066.0,0.18,-3044677.0,-1.98,-7920367.0,-5.15,-15266.0,1.18,1.181,1040074272.0,1227287641,1227287641,2026-07-03,2026-07-03 15:34:30+08:00
520930,恒生生物科技ETF国泰,0.876,0.8794,0.39,0.037,4.41,397889.0,34547083.0,0.849,0.881,0.849,0.839,3.81,31.9,1.02,-3.1,196327.0,201562.0,1384757.0,4.01,801457.0,2.32,583300.0,1.69,-1127923.0,-3.26,-256835.0,-0.74,-6.0,0.877,0.878,124733000.0,109266108,109266108,2026-07-03,2026-07-03 16:11:51+08:00
561030,工程机械ETF华泰柏瑞,0.928,0.9257,-0.25,0.039,4.39,97743.0,8982576.0,0.897,0.931,0.897,0.889,3.82,4.76,0.84,-17.61,45331.0,52412.0,1392474.0,15.5,0.0,0.0,1392474.0,15.5,-1052730.0,-11.72,-339744.0,-3.78,100.0,0.924,0.928,205550000.0,190750400,190750400,2026-07-03,2026-07-03 16:12:00+08:00
159186,港股通汽车ETF鹏华,0.763,0.7609,-0.28,0.032,4.38,45182.0,3414188.3,0.741,0.764,0.734,0.731,4.1,4.87,0.94,18.72,28542.0,16640.0,825663.0,24.18,0.0,0.0,825663.0,24.18,-719765.0,-21.08,-105898.0,-3.1,3492.0,0.762,0.763,92869245.0,70859234,70859234,2026-07-03,2026-07-03 15:34:12+08:00
513620,港股医疗ETF银华,0.957,0.9604,0.35,0.04,4.36,383965.0,36236334.0,0.926,0.96,0.91,0.917,5.45,24.42,1.38,-10.89,203226.0,180739.0,1378063.0,3.8,-173248.0,-0.48,1551311.0,4.28,-956277.0,-2.64,-421787.0,-1.16,-120.0,0.956,0.96,157216000.0,150455712,150455712,2026-07-03,2026-07-03 16:11:34+08:00
159217,港股通创新药ETF工银,1.139,1.1354,-0.32,0.047,4.3,9083586.0,1024092319.824,1.129,1.145,1.114,1.092,2.84,18.11,1.09,-5.28,4592250.0,4491336.0,8642230.0,0.84,22171094.0,2.16,-13528864.0,-1.32,-12062918.0,-1.18,3420688.0,0.33,-18680.0,1.139,1.14,5017157632.0,5714542543,5714542543,2026-07-03,2026-07-03 15:34:36+08:00
563320,通用航空ETF华泰柏瑞,0.972,0.9692,-0.29,0.04,4.29,274588.0,26441607.0,0.929,0.976,0.927,0.932,5.26,13.47,1.27,1.52,166234.0,108354.0,1495306.0,5.66,3362345.0,12.72,-1867039.0,-7.06,-941378.0,-3.56,-553928.0,-2.09,90.0,0.971,0.972,203892000.0,198183024,198183024,2026-07-03,2026-07-03 16:11:49+08:00
159167,港股通医疗ETF工银,0.833,0.8356,0.31,0.034,4.26,459659.0,37823272.09,0.812,0.836,0.81,0.799,3.25,20.56,0.98,31.12,256135.0,203524.0,1262240.0,3.34,946950.0,2.5,315290.0,0.83,-1114034.0,-2.95,-148207.0,-0.39,-470.0,0.833,0.835,223549164.0,186216454,186216454,2026-07-03,2026-07-03 15:34:33+08:00
159065,工程机械ETF景顺,0.985,0.9865,0.15,0.04,4.23,177229.0,17326756.594,0.943,0.992,0.943,0.945,5.19,11.63,0.85,-0.16,97892.0,79337.0,1855043.0,10.71,2460156.0,14.2,-605113.0,-3.49,-1508494.0,-8.71,-346548.0,-2.0,75.0,0.983,0.985,152350818.0,150065556,150065556,2026-07-03,2026-07-03 15:34:00+08:00
159283,通用航空ETF南方,0.989,0.989,0.0,0.04,4.21,130993.0,12803915.99,0.949,0.993,0.949,0.949,4.64,4.74,1.09,42.23,82989.0,48004.0,3941606.0,30.78,588545.0,4.6,3353061.0,26.19,-3457876.0,-27.01,-483730.0,-3.78,321.0,0.988,0.989,276437984.0,273397166,273397166,2026-07-03,2026-07-03 15:34:24+08:00
159237,港股汽车ETF工银,0.891,0.891,0.0,0.036,4.21,236956.0,20983252.4,0.866,0.895,0.865,0.855,3.51,83.63,1.32,-5.37,131162.0,105794.0,235288.0,1.12,-388451.0,-1.85,623739.0,2.97,-288408.0,-1.37,53120.0,0.25,10.0,0.889,0.891,28334226.0,25245795,25245795,2026-07-03,2026-07-03 15:34:45+08:00
159132,恒生生物科技ETF富国,0.874,0.8737,-0.03,0.035,4.17,692277.0,59939876.6,0.86,0.878,0.851,0.839,3.22,58.69,1.59,-41.63,368883.0,323394.0,3731470.0,6.23,1181324.0,1.97,2550146.0,4.25,-3077234.0,-5.13,-654236.0,-1.09,-1019.0,0.874,0.875,117963558.0,103100150,103100150,2026-07-03,2026-07-03 15:34:15+08:00
159138,工程机械ETF易方达,0.965,0.963,-0.21,0.038,4.1,132893.0,12715631.8,0.931,0.969,0.929,0.927,4.31,5.58,1.02,-13.72,71412.0,61481.0,-403254.0,-3.17,0.0,0.0,-403254.0,-3.17,419532.0,3.3,-16277.0,-0.13,-190.0,0.965,0.966,238267924.0,229928547,229928547,2026-07-03,2026-07-03 15:34:36+08:00
517380,创新药ETF天弘,0.787,0.7858,-0.15,0.031,4.1,1191450.0,92185080.0,0.762,0.788,0.76,0.756,3.7,5.04,1.02,18.43,674194.0,517256.0,6908255.0,7.49,12439241.0,13.49,-5530986.0,-6.0,-3162517.0,-3.43,-3745738.0,-4.06,180.0,0.786,0.787,2366326304.0,1862298801,1862298801,2026-07-03,2026-07-03 16:11:56+08:00
515970,工程机械ETF华夏,0.891,0.8901,-0.1,0.035,4.09,1656043.0,146007776.0,0.856,0.897,0.856,0.856,4.79,17.98,1.56,2.79,607331.0,1048712.0,-13660881.0,-9.36,5836659.0,4.0,-19497540.0,-13.35,8293423.0,5.68,5367458.0,3.68,330.0,0.889,0.891,921088000.0,820689408,820689408,2026-07-03,2026-07-03 16:11:33+08:00
563380,航空航天ETF华泰柏瑞,1.072,1.0697,-0.22,0.042,4.08,837587.0,89049584.0,1.031,1.078,1.031,1.03,4.56,9.36,1.08,-29.48,524563.0,313024.0,3307703.0,3.71,10889139.0,12.23,-7581436.0,-8.51,-1104295.0,-1.24,-2203408.0,-2.47,-406.0,1.071,1.073,894950000.0,959386400,959386400,2026-07-03,2026-07-03 16:11:56+08:00
520600,港股通汽车ETF广发,1.052,1.0533,0.12,0.041,4.06,1776404.0,185519182.0,1.014,1.055,1.014,1.011,4.06,54.43,1.28,-5.62,939449.0,836955.0,3082612.0,1.66,-2141759.0,-1.15,5224371.0,2.82,-568135.0,-0.31,-2514477.0,-1.36,93.0,1.051,1.053,326368000.0,343339136,343339136,2026-07-03,2026-07-03 16:11:50+08:00
159177,工程机械ETF鹏华,1.003,1.0038,0.08,0.039,4.05,150711.0,15022023.706,0.965,1.01,0.965,0.964,4.67,28.11,1.03,4.05,87228.0,63483.0,2225234.0,14.81,0.0,0.0,2225234.0,14.81,284313.0,1.89,-2509546.0,-16.71,-50.0,1.003,1.005,53619279.0,53780137,53780137,2026-07-03,2026-07-03 15:34:27+08:00
560280,工程机械ETF广发,1.606,1.6052,-0.05,0.062,4.02,2304878.0,367633758.0,1.547,1.621,1.546,1.544,4.86,12.22,2.33,-26.6,1067178.0,1237700.0,-39662025.0,-10.79,-36197995.0,-9.85,-3464030.0,-0.94,12112815.0,3.29,27549210.0,7.49,12.0,1.606,1.607,1886252000.0,3029320712,3029320712,2026-07-03,2026-07-03 16:12:01+08:00
159210,港股通汽车ETF汇添富,0.858,0.8573,-0.08,0.033,4.0,475127.0,40507852.5,0.82,0.861,0.82,0.825,4.97,155.53,1.9,-64.96,248377.0,226750.0,2213520.0,5.46,-79915.0,-0.2,2293435.0,5.66,-2051951.0,-5.07,-161568.0,-0.4,857.0,0.857,0.858,30549802.0,26211730,26211730,2026-07-03,2026-07-03 15:34:51+08:00
159303,恒生医疗ETF大成,1.457,1.4652,0.56,0.056,4.0,2299263.0,332086319.1,1.427,1.464,1.426,1.401,2.71,365.01,2.17,-15.19,1126596.0,1172667.0,9433254.0,2.84,-897105.0,-0.27,10330359.0,3.11,-6629421.0,-2.0,-2803833.0,-0.84,6419.0,1.456,1.457,62991693.0,91778897,91778897,2026-07-03,2026-07-03 15:34:21+08:00
159028,港股汽车ETF天弘,0.782,0.7867,0.6,0.03,3.99,92316.0,7180251.494,0.755,0.785,0.755,0.752,3.99,7.13,2.18,-90.95,49177.0,43138.0,693791.0,9.66,-900692.0,-12.54,1594483.0,22.21,-706910.0,-9.85,13120.0,0.18,-119.0,0.782,0.784,129449016.0,101229131,101229131,2026-07-03,2026-07-03 15:34:45+08:00
159323,港股通汽车ETF华夏,1.075,1.0742,-0.07,0.041,3.97,1324609.0,141442376.272,1.034,1.08,1.034,1.034,4.45,133.67,1.08,-64.54,706422.0,618187.0,2350532.0,1.66,300791.0,0.21,2049741.0,1.45,-1596954.0,-1.13,-753577.0,-0.53,-327.0,1.075,1.076,99097378.0,106529681,106529681,2026-07-03,2026-07-03 15:34:33+08:00
520680,港股通汽车ETF南方,0.84,0.8442,0.5,0.032,3.96,50551.0,4237665.0,0.815,0.844,0.815,0.808,3.59,7.5,1.0,7.99,30110.0,20441.0,152202.0,3.59,208833.0,4.93,-56631.0,-1.34,-164779.0,-3.89,12578.0,0.3,-2.0,0.84,0.841,67369000.0,56589960,56589960,2026-07-03,2026-07-03 16:12:02+08:00
520730,港股通汽车ETF万家,0.794,0.7975,0.44,0.03,3.93,72141.0,5681645.0,0.766,0.797,0.764,0.764,4.32,5.75,0.93,10.79,45350.0,26791.0,698882.0,12.3,789000.0,13.89,-90118.0,-1.59,-580304.0,-10.21,-118577.0,-2.09,62.0,0.793,0.794,125394400.0,99563154,99563154,2026-07-03,2026-07-03 16:11:47+08:00
513030,德国ETF华安,1.828,1.8088,-1.06,0.069,3.92,814460.0,148150170.0,1.812,1.833,1.81,1.759,1.31,8.04,2.86,33.29,517049.0,297411.0,15565151.0,10.51,5272385.0,3.56,10292766.0,6.95,-1686506.0,-1.14,-13878645.0,-9.37,-100.0,1.828,1.829,1013279008.0,1852274027,1852274027,2026-07-03,2026-07-03 16:11:41+08:00
520780,港股通汽车ETF华宝,0.848,0.8499,0.22,0.032,3.92,234253.0,19725404.0,0.817,0.851,0.817,0.816,4.17,57.9,1.25,2.54,143378.0,90875.0,35679.0,0.18,-481649.0,-2.44,517328.0,2.62,212449.0,1.08,-248128.0,-1.26,-2.0,0.846,0.849,40460000.0,34310080,34310080,2026-07-03,2026-07-03 16:11:41+08:00
516250,工程机械ETF富国,1.011,1.0125,0.15,0.038,3.91,128963.0,12919925.0,0.982,1.017,0.977,0.973,4.11,13.31,0.77,-3.9,82383.0,46580.0,3654972.0,28.29,0.0,0.0,3654972.0,28.29,648046.0,5.02,-4303018.0,-33.31,-1508.0,1.011,1.012,96878000.0,97943658,97943658,2026-07-03,2026-07-03 16:11:47+08:00
520720,港股汽车ETF国泰,0.77,0.7734,0.44,0.029,3.91,477007.0,36496714.0,0.746,0.774,0.744,0.741,4.05,36.15,1.23,-19.39,256080.0,220927.0,-535696.0,-1.47,332413.0,0.91,-868109.0,-2.38,456470.0,1.25,79227.0,0.22,-93.0,0.768,0.771,131942000.0,101595340,101595340,2026-07-03,2026-07-03 16:12:01+08:00
159561,德国ETF嘉实,1.335,1.3236,-0.86,0.05,3.89,1024657.0,136162126.287,1.323,1.336,1.323,1.285,1.01,7.07,1.56,-69.65,626961.0,397695.0,24503980.0,18.0,32291918.0,23.72,-7787938.0,-5.72,-12157214.0,-8.93,-12346766.0,-9.07,7315.0,1.334,1.335,1449499488.0,1935081816,1935081816,2026-07-03,2026-07-03 15:34:57+08:00
512680,军工ETF广发,1.332,1.3265,-0.41,0.049,3.82,500982.0,66129689.0,1.283,1.341,1.282,1.283,4.6,1.5,0.77,7.46,290266.0,210716.0,7975519.0,12.06,6270343.0,9.48,1705176.0,2.58,-2911414.0,-4.4,-5064105.0,-7.66,18.0,1.33,1.331,3336130096.0,4443725288,4443725288,2026-07-03,2026-07-03 16:12:00+08:00
159255,通用航空ETF易方达,0.979,0.9788,-0.02,0.036,3.82,95599.0,9263864.9,0.943,0.984,0.939,0.943,4.77,14.41,1.24,-22.0,56780.0,38819.0,1404594.0,15.16,918866.0,9.92,485728.0,5.24,416102.0,4.49,-1820696.0,-19.65,100.0,0.978,0.979,66338868.0,64945752,64945752,2026-07-03,2026-07-03 15:34:27+08:00
159542,工程机械ETF大成,1.417,1.4174,0.03,0.052,3.81,51930.0,7302090.0,1.366,1.428,1.366,1.365,4.54,31.3,1.29,-35.61,19021.0,32909.0,-2505665.0,-34.31,-597244.0,-8.18,-1908421.0,-26.14,894112.0,12.24,1611553.0,22.07,-2.0,1.419,1.42,16592850.0,23512068,23512068,2026-07-03,2026-07-03 15:34:51+08:00
159622,创新药ETF东财,1.093,1.093,0.0,0.04,3.8,2493101.0,268388626.785,1.063,1.098,1.057,1.053,3.89,20.36,1.1,36.68,1385408.0,1107693.0,23325753.0,8.69,16850314.0,6.28,6475439.0,2.41,-10223951.0,-3.81,-13101802.0,-4.88,17434.0,1.092,1.093,1224603232.0,1338491333,1338491333,2026-07-03,2026-07-03 15:34:12+08:00
159257,航空ETF汇添富,0.987,0.9857,-0.13,0.036,3.79,88406.0,8638859.6,0.951,0.99,0.942,0.951,5.05,6.3,0.99,-32.1,58059.0,30347.0,1947260.0,22.54,2551.0,0.03,1944709.0,22.51,255597.0,2.96,-2202856.0,-25.5,-99.0,0.987,0.988,140416949.0,138591529,138591529,2026-07-03,2026-07-03 15:34:30+08:00
159392,航空ETF富国,1.072,1.0738,0.17,0.039,3.78,89347.0,9492530.3,1.035,1.08,1.035,1.033,4.36,5.05,1.27,32.68,60023.0,29324.0,2344747.0,24.7,2524076.0,26.59,-179329.0,-1.89,74147.0,0.78,-2418895.0,-25.48,-369.0,1.072,1.073,176785500.0,189514056,189514056,2026-07-03,2026-07-03 15:34:00+08:00
159378,通用航空ETF永赢,1.167,1.1659,-0.09,0.042,3.73,332815.0,38439211.0,1.125,1.175,1.125,1.125,4.44,6.25,1.18,53.76,197036.0,135779.0,10035705.0,26.11,6931952.0,18.03,3103753.0,8.07,-1934599.0,-5.03,-8101106.0,-21.08,443.0,1.166,1.167,532271072.0,621160341,621160341,2026-07-03,2026-07-03 15:34:03+08:00
159218,卫星ETF招商,1.707,1.7045,-0.15,0.061,3.71,1486107.0,252298708.7,1.646,1.72,1.64,1.646,4.86,6.52,1.12,41.6,818583.0,667524.0,20998580.0,8.32,15161749.0,6.01,5836831.0,2.31,-2290604.0,-0.91,-18707976.0,-7.42,-7399.0,1.707,1.708,2277616384.0,3887891167,3887891167,2026-07-03,2026-07-03 15:34:48+08:00
512560,军工ETF易方达,0.815,0.8132,-0.22,0.029,3.69,811750.0,65589850.0,0.786,0.821,0.786,0.786,4.45,10.31,1.3,7.32,504175.0,307575.0,5756997.0,8.78,10336715.0,15.76,-4579718.0,-6.98,-3786465.0,-5.77,-1970531.0,-3.0,4985.0,0.815,0.816,787127008.0,641508512,641508512,2026-07-03,2026-07-03 16:11:44+08:00
159070,工程机械ETF嘉实,0.991,0.9964,0.54,0.035,3.66,158339.0,15635063.307,0.956,1.0,0.956,0.956,4.6,9.94,0.74,-86.54,98436.0,59903.0,1526002.0,9.76,4048158.0,25.89,-2522156.0,-16.13,-1189934.0,-7.61,-336068.0,-2.15,-118.0,0.991,0.998,159366883.0,157932581,157932581,2026-07-03,2026-07-03 15:34:12+08:00
159231,通用航空ETF华宝,0.57,0.5702,0.04,0.02,3.64,169922.0,9577815.2,0.552,0.573,0.551,0.55,4.0,5.46,1.11,-24.05,110280.0,59642.0,2732795.0,28.53,-624529.0,-6.52,3357324.0,35.05,-146085.0,-1.53,-2586710.0,-27.01,200.0,0.569,0.57,311091856.0,177322358,177322358,2026-07-03,2026-07-03 15:34:12+08:00
563530,卫星ETF易方达,1.398,1.392,-0.43,0.049,3.63,1434248.0,199001955.0,1.341,1.405,1.34,1.349,4.82,9.89,1.07,0.55,801899.0,632349.0,17972971.0,9.03,6318129.0,3.17,11654842.0,5.86,-7802797.0,-3.92,-10170174.0,-5.11,433.0,1.397,1.398,1449748000.0,2026747704,2026747704,2026-07-03,2026-07-03 16:11:40+08:00
563230,卫星ETF富国,1.399,1.3952,-0.27,0.049,3.63,3014546.0,418207730.0,1.344,1.406,1.343,1.35,4.67,9.67,1.21,-10.19,1802699.0,1211847.0,53494333.0,12.79,44768592.0,10.7,8725741.0,2.09,-19872356.0,-4.75,-33621978.0,-8.04,-20.0,1.399,1.4,3117237008.0,4361014574,4361014574,2026-07-03,2026-07-03 16:11:47+08:00
512660,军工ETF国泰,1.301,1.3002,-0.06,0.045,3.58,3808493.0,492375282.0,1.255,1.312,1.254,1.256,4.62,7.23,1.51,29.47,2236189.0,1572304.0,24910658.0,5.06,29617098.0,6.02,-4706440.0,-0.96,-6351601.0,-1.29,-18559059.0,-3.77,340.0,1.3,1.301,5271079936.0,6857674997,6857674997,2026-07-03,2026-07-03 16:11:38+08:00
512810,军工ETF华宝,0.757,0.7562,-0.11,0.026,3.56,733603.0,55145864.0,0.728,0.763,0.728,0.731,4.79,7.76,1.54,6.64,426166.0,307437.0,7083407.0,12.84,9934118.0,18.01,-2850711.0,-5.17,-4590532.0,-8.32,-2492876.0,-4.52,53.0,0.756,0.757,945583504.0,715806713,715806713,2026-07-03,2026-07-03 16:11:35+08:00
512630,卫星ETF广发,1.396,1.3958,-0.01,0.048,3.56,1597985.0,222003777.0,1.339,1.406,1.339,1.348,4.97,10.35,1.03,-4.1,876927.0,721058.0,24683787.0,11.12,24294952.0,10.94,388835.0,0.18,-11786870.0,-5.31,-12896918.0,-5.81,-1041.0,1.396,1.397,1544426000.0,2156018696,2156018696,2026-07-03,2026-07-03 16:12:01+08:00
562580,可选消费ETF华夏,1.112,1.1048,-0.65,0.038,3.54,38336.0,4221808.0,1.075,1.112,1.075,1.074,3.45,10.58,1.37,31.65,25663.0,12673.0,-48481.0,-1.15,586768.0,13.9,-635249.0,-15.05,-64257.0,-1.52,112738.0,2.67,30.0,1.108,1.112,36223300.0,40280310,40280310,2026-07-03,2026-07-03 16:11:37+08:00
159017,石油ETF工银,0.856,0.8519,-0.48,0.029,3.51,81268.0,6897159.592,0.827,0.856,0.827,0.827,3.51,5.04,1.18,-14.73,51248.0,30020.0,-492474.0,-7.14,0.0,0.0,-492474.0,-7.14,537846.0,7.8,-45373.0,-0.66,18.0,0.85,0.856,161256813.0,138035832,138035832,2026-07-03,2026-07-03 15:34:42+08:00
560920,N工程机械ETF招商,1.035,1.0408,0.56,0.035,3.5,1590071.0,162090056.0,0.994,1.041,0.994,1.0,4.7,64.28,,-43.08,734879.0,855192.0,28713644.0,17.71,65829030.0,40.61,-37115386.0,-22.9,-23377889.0,-14.42,-5335756.0,-3.29,206.0,1.034,1.035,247373264.0,256031328,256031328,2026-07-03,2026-07-03 16:11:54+08:00
159230,通用航空ETF华夏,1.093,1.0936,0.05,0.037,3.5,271203.0,29354662.0,1.054,1.1,1.054,1.056,4.36,8.94,1.26,-21.6,161392.0,109811.0,4654583.0,15.86,1789326.0,6.1,2865257.0,9.76,1590583.0,5.42,-6245165.0,-21.27,174.0,1.092,1.093,303304224.0,331511517,331511517,2026-07-03,2026-07-03 15:34:42+08:00
159512,汽车ETF广发,1.08,1.0808,0.07,0.036,3.45,200655.0,21559033.5,1.044,1.092,1.044,1.044,4.6,32.75,1.39,-2.17,97976.0,102679.0,-3528313.0,-16.37,-1999499.0,-9.27,-1528814.0,-7.09,186268.0,0.86,3342044.0,15.5,832.0,1.079,1.08,61264855.0,66166043,66166043,2026-07-03,2026-07-03 15:34:33+08:00
589120,科创创新药ETF汇添富,0.904,0.9029,-0.12,0.03,3.43,3525028.0,310999586.0,0.876,0.908,0.852,0.874,6.41,31.04,1.24,-48.97,1788283.0,1736745.0,15924716.0,5.12,8585272.0,2.76,7339444.0,2.36,-12427627.0,-4.0,-3497089.0,-1.12,432.0,0.902,0.904,1135620000.0,1026600480,1026600480,2026-07-03,2026-07-03 16:11:44+08:00
159181,石油ETF易方达,0.816,0.8137,-0.28,0.027,3.42,131887.0,10706789.31,0.793,0.818,0.79,0.789,3.55,9.01,1.0,-39.79,78056.0,53831.0,712122.0,6.65,0.0,0.0,712122.0,6.65,-474098.0,-4.43,-238023.0,-2.22,54.0,0.814,0.816,146405335.0,119466753,119466753,2026-07-03,2026-07-03 15:34:45+08:00
588700,科创医药ETF嘉实,1.069,1.0652,-0.36,0.035,3.38,789321.0,82392410.0,1.036,1.07,1.018,1.034,5.03,17.33,1.16,-11.88,385615.0,403706.0,3398776.0,4.13,3986588.0,4.84,-587812.0,-0.71,-2981724.0,-3.62,-417052.0,-0.51,100.0,1.068,1.069,455336208.0,486754406,486754406,2026-07-03,2026-07-03 16:11:38+08:00
159687,亚太精选ETF南方,1.848,1.8009,-2.62,0.06,3.36,5581825.0,1024734442.1,1.804,1.863,1.798,1.788,3.64,32.97,1.14,-44.69,3037947.0,2543878.0,22157324.0,2.16,-15791204.0,-1.54,37948528.0,3.7,-845040.0,-0.08,-21312286.0,-2.08,23953.0,1.847,1.848,1693228656.0,3129086556,3129086556,2026-07-03,2026-07-03 15:34:48+08:00
588860,科创医药ETF工银,0.711,0.7109,-0.01,0.023,3.34,523835.0,36554533.0,0.689,0.714,0.679,0.688,5.09,13.2,1.31,-34.69,241174.0,282661.0,1604019.0,4.39,-1912699.0,-5.23,3516718.0,9.62,-1204620.0,-3.3,-399398.0,-1.09,197.0,0.71,0.711,396889408.0,282188369,282188369,2026-07-03,2026-07-03 16:12:01+08:00
563790,卫星ETF鹏华,1.051,1.0505,-0.05,0.034,3.34,987277.0,103198525.0,1.01,1.059,1.007,1.017,5.11,9.04,1.05,-22.97,548491.0,438786.0,12262975.0,11.88,11033762.0,10.69,1229213.0,1.19,-5243025.0,-5.08,-7019951.0,-6.8,575.0,1.05,1.051,1092447008.0,1148161805,1148161805,2026-07-03,2026-07-03 16:11:33+08:00
159888,智能汽车ETF华夏,1.195,1.195,0.0,0.038,3.28,257471.0,30711506.08,1.16,1.207,1.16,1.157,4.06,34.58,1.17,11.45,141078.0,116393.0,536566.0,1.75,-1174792.0,-3.83,1711358.0,5.57,-709010.0,-2.31,172442.0,0.56,18.0,1.194,1.195,74446068.0,88963051,88963051,2026-07-03,2026-07-03 15:34:27+08:00
516840,汽车ETF南方,0.787,0.7862,-0.1,0.025,3.28,73809.0,5759682.0,0.762,0.79,0.762,0.762,3.67,5.99,1.42,34.74,30668.0,43141.0,-895365.0,-15.55,-2209778.0,-38.37,1314413.0,22.82,-38167.0,-0.66,933533.0,16.21,19.0,0.786,0.788,123277000.0,97018999,97018999,2026-07-03,2026-07-03 16:11:44+08:00
588250,科创医药ETF鹏华,1.109,1.1085,-0.05,0.035,3.26,421210.0,45751515.0,1.089,1.113,1.059,1.074,5.03,14.25,1.69,-6.01,208955.0,212255.0,373706.0,0.82,639285.0,1.4,-265579.0,-0.58,226116.0,0.49,-599821.0,-1.31,50.0,1.108,1.109,295675008.0,327903584,327903584,2026-07-03,2026-07-03 16:11:35+08:00
159748,创新药ETF富国,0.778,0.776,-0.26,0.024,3.18,4109230.0,314295616.983,0.764,0.78,0.747,0.754,4.38,24.35,1.64,25.51,2136633.0,1972597.0,-3893562.0,-1.24,-15409407.0,-4.9,11515845.0,3.66,-422723.0,-0.13,4316286.0,1.37,-21115.0,0.778,0.779,1687692128.0,1313024476,1313024476,2026-07-03,2026-07-03 15:34:09+08:00
159508,生物医药ETF华安,0.78,0.7785,-0.19,0.024,3.17,141368.0,10829998.5,0.759,0.78,0.754,0.756,3.44,15.63,0.85,42.27,78588.0,62780.0,1175679.0,10.86,1500954.0,13.86,-325275.0,-3.0,-742303.0,-6.85,-433375.0,-4.0,-376.0,0.78,0.782,90431598.0,70536646,70536646,2026-07-03,2026-07-03 15:34:27+08:00
159936,可选消费ETF广发,1.96,1.961,0.05,0.06,3.16,31804.0,6203548.0,1.905,1.965,1.905,1.9,3.16,2.94,5.56,22.13,16172.0,15632.0,706332.0,11.39,0.0,0.0,706332.0,11.39,1364122.0,21.99,-2070455.0,-33.38,-154.0,1.96,1.965,108156094.0,211985944,211985944,2026-07-03,2026-07-03 15:34:42+08:00
159148,石油ETF富国,0.915,0.9123,-0.3,0.028,3.16,412074.0,37647003.7,0.891,0.922,0.891,0.887,3.49,18.36,2.47,36.09,258040.0,154034.0,1493154.0,3.97,-4054571.0,-10.77,5547725.0,14.74,-981193.0,-2.61,-511960.0,-1.36,-492.0,0.915,0.916,224466601.0,205386940,205386940,2026-07-03,2026-07-03 15:34:21+08:00
159019,石油ETF华宝,0.861,0.8588,-0.26,0.026,3.11,280559.0,24055392.1,0.839,0.9,0.839,0.835,7.31,56.88,1.7,-7.0,143077.0,137482.0,-4628523.0,-19.24,-2362356.0,-9.82,-2266167.0,-9.42,387977.0,1.61,4240546.0,17.63,63.0,0.859,0.861,49327711.0,42471159,42471159,2026-07-03,2026-07-03 15:34:45+08:00
517110,创新药ETF国泰,0.734,0.7348,0.11,0.022,3.09,1596683.0,115216500.0,0.718,0.735,0.708,0.712,3.79,13.28,1.31,-1.39,821873.0,774810.0,1996467.0,1.73,8342631.0,7.24,-6346164.0,-5.51,-1334490.0,-1.16,-661977.0,-0.57,-276.0,0.733,0.735,1202098496.0,882340296,882340296,2026-07-03,2026-07-03 16:11:54+08:00
159199,石油ETF平安,0.833,0.834,0.12,0.025,3.09,24298.0,2017872.41,0.816,0.835,0.816,0.808,2.35,3.19,0.47,-47.71,5974.0,18323.0,-402625.0,-19.95,0.0,0.0,-402625.0,-19.95,-306329.0,-15.18,708954.0,35.13,28.0,0.83,0.835,76154938.0,63437063,63437063,2026-07-03,2026-07-03 15:34:21+08:00
159195,石油ETF华安,0.838,0.8387,0.08,0.025,3.08,156439.0,13063835.428,0.817,0.841,0.817,0.813,2.95,16.56,0.93,-87.25,78055.0,78384.0,545615.0,4.18,0.0,0.0,545615.0,4.18,-554374.0,-4.24,8759.0,0.07,39.0,0.835,0.838,94490164.0,79182757,79182757,2026-07-03,2026-07-03 15:34:54+08:00
159197,石油ETF招商,0.838,0.8361,-0.23,0.025,3.08,190168.0,15826415.8,0.813,0.839,0.813,0.813,3.2,39.3,1.19,-49.63,89416.0,100752.0,877981.0,5.55,0.0,0.0,877981.0,5.55,-903009.0,-5.71,25029.0,0.16,-4.0,0.838,0.839,48388290.0,40549387,40549387,2026-07-03,2026-07-03 15:34:36+08:00
159730,家电ETF博时,1.049,1.047,-0.19,0.031,3.05,37282.0,3887876.1,1.018,1.051,1.018,1.018,3.24,8.36,1.77,58.23,20073.0,17209.0,-268142.0,-6.9,848163.0,21.82,-1116305.0,-28.71,163289.0,4.2,104853.0,2.7,-1.0,1.049,1.051,44571340.0,46755336,46755336,2026-07-03,2026-07-03 15:34:06+08:00
516520,智能驾驶ETF华泰柏瑞,1.218,1.2167,-0.11,0.036,3.05,694775.0,84501184.0,1.174,1.23,1.172,1.182,4.91,8.25,1.06,-14.24,256439.0,438336.0,17475882.0,20.68,23405030.0,27.7,-5929148.0,-7.02,-11733897.0,-13.89,-5741986.0,-6.8,100.0,1.217,1.218,841765504.0,1025270384,1025270384,2026-07-03,2026-07-03 16:11:42+08:00
159795,智能汽车ETF汇添富,1.02,1.0194,-0.06,0.03,3.03,56077.0,5716095.76,0.99,1.03,0.99,0.99,4.04,20.64,1.28,13.92,34316.0,21761.0,-483039.0,-8.45,0.0,0.0,-483039.0,-8.45,487342.0,8.53,-4303.0,-0.08,-110.0,1.02,1.024,27169473.0,27712862,27712862,2026-07-03,2026-07-03 15:34:36+08:00
515120,创新药ETF广发,0.647,0.6465,-0.08,0.019,3.03,20526581.0,1300110285.0,0.631,0.647,0.62,0.628,4.3,11.19,1.17,-55.4,10755243.0,9771338.0,98080288.0,7.54,194567872.0,14.97,-96487584.0,-7.42,-86172793.0,-6.63,-11907481.0,-0.92,700.0,0.646,0.647,18348993536.0,11871798818,11871798818,2026-07-03,2026-07-03 16:11:41+08:00
159697,石油ETF鹏华,1.226,1.2257,-0.02,0.036,3.03,671765.0,82158403.479,1.196,1.234,1.195,1.19,3.28,6.3,1.67,-75.3,412122.0,259643.0,-7701530.0,-9.37,-9905619.0,-12.06,2204089.0,2.68,-171277.0,-0.21,7872807.0,9.58,309.0,1.225,1.226,1067022000.0,1308168972,1308168972,2026-07-03,2026-07-03 15:34:15+08:00
159026,石油ETF南方,0.856,0.857,0.12,0.025,3.01,93842.0,8000537.555,0.847,0.858,0.845,0.831,1.56,16.61,1.06,-54.42,58985.0,34857.0,226180.0,2.83,198650.0,2.48,27530.0,0.34,-203058.0,-2.54,-23122.0,-0.29,-89.0,0.855,0.859,56513446.0,48375510,48375510,2026-07-03,2026-07-03 15:34:51+08:00
560900,创新药ETF摩根,0.929,0.9301,0.12,0.027,2.99,390636.0,35618289.0,0.91,0.93,0.891,0.902,4.32,17.76,1.07,-4.92,202905.0,187731.0,2925780.0,8.21,4374523.0,12.28,-1448743.0,-4.07,-1511901.0,-4.24,-1413879.0,-3.97,30.0,0.928,0.929,219969100.0,204351294,204351294,2026-07-03,2026-07-03 16:11:49+08:00
513080,法国ETF华安,1.772,1.7603,-0.66,0.051,2.96,445783.0,78712918.0,1.755,1.775,1.753,1.721,1.28,7.01,1.67,-13.83,252047.0,193736.0,12215281.0,15.52,8107620.0,10.3,4107661.0,5.22,-2638654.0,-3.35,-9576627.0,-12.17,-36.0,1.772,1.773,635916000.0,1126843152,1126843152,2026-07-03,2026-07-03 16:12:02+08:00
515250,智能汽车ETF富国,1.081,1.0807,-0.03,0.031,2.95,305370.0,32844882.0,1.045,1.092,1.045,1.05,4.48,7.85,0.84,-15.56,174185.0,131185.0,4316926.0,13.14,2778104.0,8.46,1538822.0,4.69,-1616503.0,-4.92,-2700424.0,-8.22,50.0,1.08,1.081,388944496.0,420449000,420449000,2026-07-03,2026-07-03 16:11:35+08:00
588130,科创医药ETF华夏,1.09,1.0889,-0.1,0.031,2.93,429838.0,45822771.0,1.068,1.096,1.042,1.059,5.1,27.1,1.15,-0.77,244024.0,185814.0,-2266605.0,-4.95,-5316868.0,-11.6,3050263.0,6.66,1251875.0,2.73,1014729.0,2.21,125.0,1.089,1.09,158582600.0,172855034,172855034,2026-07-03,2026-07-03 16:11:47+08:00
159588,石油ETF景顺,1.16,1.1611,0.09,0.033,2.93,538906.0,62646976.9,1.123,1.175,1.123,1.127,4.61,11.1,2.39,31.8,386074.0,152832.0,6892287.0,11.0,-4874705.0,-7.78,11766992.0,18.78,-3822688.0,-6.1,-3069599.0,-4.9,-92.0,1.16,1.161,485284864.0,562930442,562930442,2026-07-03,2026-07-03 15:34:54+08:00
159018,石油ETF广发,0.845,0.843,-0.24,0.024,2.92,30983.0,2591723.9,0.832,0.845,0.832,0.821,1.58,10.36,0.87,-8.7,12396.0,18587.0,-185829.0,-7.17,0.0,0.0,-185829.0,-7.17,172823.0,6.67,13006.0,0.5,-4.0,0.845,0.846,29904203.0,25269052,25269052,2026-07-03,2026-07-03 15:34:36+08:00
159889,智能汽车ETF国泰,1.026,1.0259,-0.01,0.029,2.91,21128.0,2164826.0,1.003,1.037,1.002,0.997,3.51,7.19,1.0,-0.39,9863.0,11265.0,207278.0,9.57,355029.0,16.4,-147751.0,-6.83,-174947.0,-8.08,-32333.0,-1.49,-2.0,1.026,1.027,29400796.0,30165217,30165217,2026-07-03,2026-07-03 15:34:09+08:00
159866,日经ETF工银,1.802,1.7216,-4.67,0.051,2.91,1725972.0,308173915.923,1.761,1.805,1.761,1.751,2.51,21.05,0.81,51.3,873519.0,852453.0,20679023.0,6.71,10322271.0,3.35,10356752.0,3.36,2030283.0,0.66,-22709305.0,-7.37,-8310.0,1.802,1.803,819979376.0,1477602836,1477602836,2026-07-03,2026-07-03 15:34:12+08:00
512120,医药ETF华安,0.461,0.4613,0.07,0.013,2.9,651231.0,29607871.0,0.447,0.462,0.444,0.448,4.02,7.67,1.2,45.14,380288.0,270943.0,2121897.0,7.17,1460089.0,4.93,661808.0,2.24,-1421993.0,-4.8,-699904.0,-2.36,500.0,0.46,0.461,849241904.0,391500518,391500518,2026-07-03,2026-07-03 16:11:54+08:00
159189,石油ETF华夏,0.818,0.8187,0.09,0.023,2.89,114918.0,9376445.296,0.797,0.821,0.797,0.795,3.02,9.11,0.7,-80.64,75260.0,39658.0,-632726.0,-6.75,0.0,0.0,-632726.0,-6.75,352333.0,3.76,280394.0,2.99,-35.0,0.818,0.82,126083187.0,103136047,103136047,2026-07-03,2026-07-03 15:34:15+08:00
512670,国防ETF鹏华,0.865,0.8632,-0.21,0.024,2.85,873105.0,75060945.0,0.841,0.871,0.841,0.841,3.57,4.53,0.9,50.6,519304.0,353801.0,11277558.0,15.02,15546104.0,20.71,-4268546.0,-5.69,-4675951.0,-6.23,-6601606.0,-8.79,1.0,0.863,0.864,1927652608.0,1667419506,1667419506,2026-07-03,2026-07-03 16:11:49+08:00
159996,家电ETF国泰,1.484,1.4764,-0.51,0.041,2.84,1097925.0,162080731.733,1.444,1.484,1.444,1.443,2.77,21.5,2.42,14.71,481010.0,616915.0,-4709658.0,-2.91,615475.0,0.38,-5325133.0,-3.29,-3980818.0,-2.46,8690476.0,5.36,250.0,1.483,1.484,510554848.0,757663394,757663394,2026-07-03,2026-07-03 15:34:51+08:00
516080,创新药ETF易方达,0.687,0.6867,-0.04,0.019,2.84,4522253.0,304060195.0,0.671,0.688,0.657,0.668,4.64,11.98,0.98,-30.83,2280401.0,2241852.0,6643091.0,2.18,6313228.0,2.08,329863.0,0.11,-6057287.0,-1.99,-585804.0,-0.19,-17.0,0.687,0.688,3773554800.0,2592432148,2592432148,2026-07-03,2026-07-03 16:11:37+08:00
159858,创新药ETF南方,0.691,0.6907,-0.04,0.019,2.83,997646.0,67372811.067,0.674,0.691,0.662,0.672,4.32,11.44,1.35,-66.98,415986.0,581660.0,2752029.0,4.08,7464838.0,11.08,-4712809.0,-7.0,-2107496.0,-3.13,-644533.0,-0.96,5343.0,0.69,0.691,872098320.0,602619939,602619939,2026-07-03,2026-07-03 15:34:06+08:00
563150,油气ETF银华,1.245,1.2428,-0.18,0.034,2.81,50743.0,6312093.0,1.22,1.249,1.219,1.211,2.48,8.54,0.51,20.76,27627.0,23116.0,47503.0,0.75,-34184.0,-0.54,81687.0,1.29,-193493.0,-3.07,145990.0,2.31,328.0,1.245,1.246,59399000.0,73951755,73951755,2026-07-03,2026-07-03 16:11:47+08:00
159309,油气ETF汇添富,1.296,1.2964,0.03,0.035,2.78,407772.0,52996302.8,1.266,1.308,1.266,1.261,3.33,6.24,1.26,-16.78,278651.0,129121.0,4512579.0,8.51,313554.0,0.59,4199025.0,7.92,-3583114.0,-6.76,-929466.0,-1.75,116.0,1.295,1.296,653371744.0,846769780,846769780,2026-07-03,2026-07-03 15:34:12+08:00
516380,智能电动车ETF华宝,1.003,1.0009,-0.21,0.027,2.77,8348.0,831637.0,0.991,1.023,0.982,0.976,4.2,1.06,0.42,0.1,4528.0,3820.0,-48408.0,-5.82,-426340.0,-51.27,377932.0,45.44,-4536.0,-0.55,52945.0,6.37,170.0,1.0,1.002,78449300.0,78684648,78684648,2026-07-03,2026-07-03 16:11:49+08:00
516060,创新药ETF工银,0.595,0.5946,-0.07,0.016,2.76,292739.0,17120182.0,0.583,0.596,0.571,0.579,4.32,8.6,0.96,-2.6,162026.0,130713.0,205576.0,1.2,1428598.0,8.34,-1223022.0,-7.14,-6578.0,-0.04,-198998.0,-1.16,412.0,0.594,0.595,340237408.0,202441258,202441258,2026-07-03,2026-07-03 16:11:57+08:00
516930,生物科技ETF民生加银,0.486,0.4856,-0.08,0.013,2.75,26364.0,1262108.0,0.479,0.486,0.471,0.473,3.17,2.35,0.83,-5.53,15918.0,10446.0,113939.0,9.03,416043.0,32.96,-302104.0,-23.94,-78798.0,-6.24,-35141.0,-2.78,-110.0,0.485,0.486,112139600.0,54499846,54499846,2026-07-03,2026-07-03 16:11:35+08:00
512290,生物医药ETF国泰,1.014,1.0155,0.15,0.027,2.74,2719980.0,271572852.0,0.993,1.018,0.979,0.987,3.95,7.05,1.11,-68.88,1627059.0,1092921.0,25883867.0,9.53,30035351.0,11.06,-4151484.0,-1.53,-14645985.0,-5.39,-11237881.0,-4.14,1242.0,1.013,1.014,3858820704.0,3912844194,3912844194,2026-07-03,2026-07-03 16:11:45+08:00
510660,医药ETF华夏,2.443,2.4365,-0.27,0.065,2.73,116410.0,27949193.0,2.374,2.444,2.37,2.378,3.11,19.94,1.04,-14.07,51887.0,64523.0,1538249.0,5.5,7842.0,0.03,1530407.0,5.48,-543807.0,-1.95,-994444.0,-3.56,-41.0,2.443,2.444,58379700.0,142621607,142621607,2026-07-03,2026-07-03 16:11:46+08:00
159176,家电ETF华宝,1.028,1.0259,-0.2,0.027,2.7,92819.0,9494073.9,1.003,1.028,1.003,1.001,2.5,39.83,1.03,-0.73,43628.0,49191.0,664346.0,7.0,0.0,0.0,664346.0,7.0,-707076.0,-7.45,42729.0,0.45,9.0,1.026,1.028,23303341.0,23955835,23955835,2026-07-03,2026-07-03 15:34:00+08:00
512710,军工龙头ETF富国,0.692,0.6921,0.01,0.018,2.67,6693127.0,461160561.0,0.672,0.697,0.672,0.674,3.71,5.97,1.33,25.7,4146325.0,2546802.0,30663152.0,6.65,41899496.0,9.09,-11236344.0,-2.44,-19565150.0,-4.24,-11098002.0,-2.41,420.0,0.691,0.692,11218658304.0,7763311546,7763311546,2026-07-03,2026-07-03 16:11:37+08:00
513310,中韩半导体ETF华泰柏瑞,6.13,5.2375,-17.04,0.159,2.66,21597249.0,13317757583.0,5.993,6.266,5.993,5.971,4.57,93.72,1.06,21.38,10796548.0,10800701.0,165958752.0,1.25,122870880.0,0.92,43087872.0,0.32,-156779872.0,-1.18,-9178896.0,-0.07,-343.0,6.132,6.133,2304427008.0,14126137559,14126137559,2026-07-03,2026-07-03 16:11:35+08:00
159245,港股通消费ETF富国,0.777,0.778,0.13,0.02,2.64,52764.0,4084846.5,0.759,0.778,0.759,0.757,2.51,6.75,1.8,-69.97,29319.0,23445.0,497028.0,12.17,0.0,0.0,497028.0,12.17,-274734.0,-6.73,-222293.0,-5.44,45.0,0.775,0.777,78113296.0,60694031,60694031,2026-07-03,2026-07-03 15:34:57+08:00
159691,港股红利ETF工银,1.129,1.1304,0.12,0.029,2.64,1616875.0,181948144.058,1.106,1.132,1.106,1.1,2.36,4.08,0.8,-47.99,777754.0,839121.0,10699312.0,5.88,9644922.0,5.3,1054390.0,0.58,-7372331.0,-4.05,-3326981.0,-1.83,2997.0,1.128,1.129,3967301392.0,4479083272,4479083272,2026-07-03,2026-07-03 15:34:09+08:00
159720,智能车ETF泰康,0.824,0.8229,-0.13,0.021,2.62,8275.0,678629.5,0.804,0.829,0.804,0.803,3.11,1.93,1.0,-31.09,5002.0,3273.0,-49287.0,-7.26,0.0,0.0,-49287.0,-7.26,-35946.0,-5.3,85234.0,12.56,-135.0,0.824,0.825,42812357.0,35277382,35277382,2026-07-03,2026-07-03 15:34:21+08:00
589720,科创创新药ETF国泰,0.981,0.98,-0.1,0.025,2.62,14816111.0,1415824076.0,0.95,0.985,0.925,0.956,6.28,41.6,1.49,-20.48,7283190.0,7532921.0,-30955008.0,-2.19,-2095632.0,-0.15,-28859376.0,-2.04,3875484.0,0.27,27079517.0,1.91,613.0,0.98,0.981,3561823008.0,3494148371,3494148371,2026-07-03,2026-07-03 16:11:42+08:00
159992,创新药ETF银华,0.862,0.8647,0.31,0.022,2.62,18103249.0,1534186413.295,0.847,0.864,0.828,0.84,4.29,8.88,1.03,-52.98,9489425.0,8613824.0,66341008.0,4.32,52995616.0,3.45,13345392.0,0.87,-48985790.0,-3.19,-17355236.0,-1.13,107394.0,0.861,0.862,20383781120.0,17570819325,17570819325,2026-07-03,2026-07-03 15:34:48+08:00
159638,高端装备ETF嘉实,0.954,0.9543,0.03,0.024,2.58,638312.0,60509023.393,0.92,0.961,0.919,0.93,4.52,4.42,0.85,4.7,394159.0,244153.0,4277103.0,7.07,566604.0,0.94,3710499.0,6.13,-2939771.0,-4.86,-1337332.0,-2.21,-1633.0,0.954,0.955,1444341936.0,1377902207,1377902207,2026-07-03,2026-07-03 15:34:21+08:00
560880,家电ETF广发,1.561,1.5593,-0.11,0.039,2.56,128488.0,19977644.0,1.536,1.565,1.536,1.522,1.91,6.2,0.94,-6.52,75771.0,52717.0,-360902.0,-1.81,-1524726.0,-7.63,1163824.0,5.83,348815.0,1.75,12086.0,0.06,62.0,1.561,1.563,207232000.0,323489152,323489152,2026-07-03,2026-07-03 16:11:50+08:00
159837,生物科技ETF易方达,0.481,0.4817,0.15,0.012,2.56,1138058.0,54176072.55,0.472,0.483,0.467,0.469,3.41,3.6,0.82,-55.99,493187.0,644871.0,4801048.0,8.86,10298391.0,19.01,-5497343.0,-10.15,-3529903.0,-6.52,-1271145.0,-2.35,9418.0,0.48,0.481,3159152832.0,1519552512,1519552512,2026-07-03,2026-07-03 15:34:57+08:00
159872,智能网联汽车ETF鹏华,0.887,0.885,-0.23,0.022,2.54,10326.0,916503.9,0.865,0.893,0.865,0.865,3.24,1.79,1.0,-15.41,4323.0,6003.0,261625.0,28.55,332442.0,36.27,-70817.0,-7.73,-227097.0,-24.78,-34530.0,-3.77,168.0,0.885,0.887,57799732.0,51268362,51268362,2026-07-03,2026-07-03 15:34:57+08:00
513400,道琼斯ETF鹏华,1.333,1.3088,-1.85,0.033,2.54,2614976.0,347159651.0,1.318,1.334,1.317,1.3,1.31,11.36,1.62,-58.55,1502783.0,1112193.0,27020681.0,7.78,14220832.0,4.1,12799849.0,3.69,-10912889.0,-3.14,-16107793.0,-4.64,1.0,1.332,1.333,2302062000.0,3068648646,3068648646,2026-07-03,2026-07-03 16:11:41+08:00
516590,智能汽车ETF易方达,1.258,1.2545,-0.28,0.031,2.53,33027.0,4142493.0,1.227,1.266,1.227,1.227,3.18,6.74,0.96,-7.25,12524.0,20503.0,-363918.0,-8.79,641275.0,15.48,-1005193.0,-24.27,416708.0,10.06,-52789.0,-1.27,27.0,1.256,1.257,49015000.0,61660870,61660870,2026-07-03,2026-07-03 16:11:33+08:00
561760,油气ETF博时,1.256,1.2579,0.15,0.031,2.53,75220.0,9473548.0,1.234,1.266,1.234,1.225,2.61,4.07,0.18,6.9,36474.0,38746.0,-1049011.0,-11.07,-835352.0,-8.82,-213659.0,-2.26,427123.0,4.51,621888.0,6.56,-13.0,1.256,1.257,184695000.0,231976920,231976920,2026-07-03,2026-07-03 16:11:46+08:00
159849,生物科技ETF招商,0.491,0.4922,0.24,0.012,2.51,96843.0,4697531.8,0.483,0.492,0.476,0.479,3.34,5.46,1.21,29.67,58215.0,38628.0,563278.0,11.99,1007155.0,21.44,-443877.0,-9.45,-457883.0,-9.75,-105396.0,-2.24,-190.0,0.491,0.492,177372396.0,87089846,87089846,2026-07-03,2026-07-03 15:34:03+08:00
562050,药ETF华宝,0.986,0.9832,-0.28,0.024,2.49,229754.0,22270279.0,0.977,0.986,0.949,0.962,3.85,19.56,1.24,45.22,120874.0,108880.0,149922.0,0.67,-2384075.0,-10.71,2533997.0,11.38,53823.0,0.24,-203745.0,-0.91,46.0,0.985,0.986,117468000.0,115823448,115823448,2026-07-03,2026-07-03 16:11:41+08:00
515200,创新100ETF申万菱信,2.874,2.86,-0.49,0.069,2.46,26291.0,7476516.0,2.781,2.903,2.781,2.805,4.35,6.42,1.26,-25.0,15556.0,10735.0,-672601.0,-9.0,18387.0,0.25,-690988.0,-9.24,-140133.0,-1.87,812733.0,10.87,4.0,2.855,2.874,40943200.0,117670757,117670757,2026-07-03,2026-07-03 16:11:43+08:00
159835,创新药ETF建信,0.67,0.6713,0.19,0.016,2.45,560776.0,36896373.5,0.656,0.671,0.644,0.654,4.13,11.92,1.05,-47.55,281196.0,279580.0,1967071.0,5.33,2327751.0,6.31,-360680.0,-0.98,-1188642.0,-3.22,-778428.0,-2.11,-2080.0,0.67,0.671,470504144.0,315237776,315237776,2026-07-03,2026-07-03 15:34:03+08:00
561360,石油ETF国泰,1.37,1.3672,-0.2,0.032,2.39,809283.0,110599772.0,1.34,1.376,1.34,1.338,2.69,6.23,1.53,17.67,464704.0,344579.0,3090359.0,2.79,2626297.0,2.37,464062.0,0.42,598528.0,0.54,-3688887.0,-3.34,20.0,1.369,1.37,1299148000.0,1779832760,1779832760,2026-07-03,2026-07-03 16:11:50+08:00
159318,恒指港股通ETF银华,1.212,1.2147,0.22,0.028,2.36,13216.0,1608296.0,1.196,1.222,1.196,1.184,2.2,7.51,0.44,-25.62,7527.0,5689.0,-142472.0,-8.86,0.0,0.0,-142472.0,-8.86,230785.0,14.35,-88312.0,-5.49,-28.0,1.209,1.215,17601647.0,21333196,21333196,2026-07-03,2026-07-03 15:34:27+08:00
159830,金ETF天弘,9.053,9.0489,-0.05,0.208,2.35,43224.0,39183287.1,9.07,9.1,9.019,8.845,0.92,1.16,1.28,-24.34,22132.0,21092.0,-1663115.0,-4.24,0.0,0.0,-1663115.0,-4.24,1819352.0,4.64,-156237.0,-0.4,104.0,9.045,9.053,372814064.0,3375085721,3375085721,2026-07-03,2026-07-03 15:34:54+08:00
513520,日经ETF华夏,2.443,2.3067,-5.91,0.056,2.35,1858083.0,450150262.0,2.406,2.445,2.4,2.387,1.89,17.58,0.77,11.95,993690.0,864393.0,20657171.0,4.59,13625618.0,3.03,7031553.0,1.56,-11859010.0,-2.63,-8798160.0,-1.95,-102.0,2.443,2.445,1056887200.0,2581975430,2581975430,2026-07-03,2026-07-03 16:11:50+08:00
159812,黄金ETF前海开源,8.639,8.6453,0.07,0.198,2.35,46560.0,40311049.6,8.649,8.709,8.602,8.441,1.27,2.72,1.64,19.3,23372.0,23188.0,4069037.0,10.09,3613569.0,8.96,455468.0,1.13,-3892793.0,-9.66,-176244.0,-0.44,207.0,8.634,8.639,171013149.0,1477382594,1477382594,2026-07-03,2026-07-03 15:34:36+08:00
159839,生物医药ETF汇添富,0.349,0.35,0.29,0.008,2.35,2384211.0,82234718.626,0.344,0.351,0.339,0.341,3.52,7.44,0.87,-36.38,1376981.0,1007230.0,6693844.0,8.14,17271770.0,21.0,-10577926.0,-12.86,-5589698.0,-6.8,-1104145.0,-1.34,-7354.0,0.349,0.35,3206235168.0,1118976074,1118976074,2026-07-03,2026-07-03 15:34:00+08:00
159735,港股消费ETF银华,0.656,0.657,0.15,0.015,2.34,527778.0,34472526.0,0.643,0.657,0.64,0.641,2.65,7.43,0.6,-74.43,259975.0,267803.0,2899162.0,8.41,2992524.0,8.68,-93362.0,-0.27,-2189224.0,-6.35,-709936.0,-2.06,2508.0,0.655,0.656,710561376.0,466128263,466128263,2026-07-03,2026-07-03 15:34:00+08:00
518800,黄金ETF国泰,9.09,9.0965,0.07,0.207,2.33,522699.0,475686321.0,9.17,9.17,9.056,8.883,1.28,1.46,1.25,-69.64,253062.0,269637.0,-3418759.0,-0.72,12293593.0,2.58,-15712352.0,-3.3,-5817861.0,-1.22,9236620.0,1.94,-2.0,9.09,9.091,3568879200.0,32441111928,32441111928,2026-07-03,2026-07-03 16:11:55+08:00
513000,日经225ETF易方达,2.456,2.3113,-6.26,0.056,2.33,816257.0,199331314.0,2.413,2.464,2.413,2.4,2.13,8.31,0.67,-51.03,448787.0,367470.0,9153971.0,4.59,-6203425.0,-3.11,15357396.0,7.7,1321947.0,0.66,-10475918.0,-5.26,84.0,2.455,2.456,981911408.0,2411574418,2411574418,2026-07-03,2026-07-03 16:11:39+08:00
513800,日本东证指数ETF南方,1.854,1.8586,0.25,0.042,2.32,326647.0,60189762.0,1.831,1.854,1.831,1.812,1.27,3.1,0.89,-41.34,209706.0,116941.0,-985028.0,-1.64,463741.0,0.77,-1448769.0,-2.41,-334422.0,-0.56,1319451.0,2.19,1112.0,1.853,1.854,1053044400.0,1952344318,1952344318,2026-07-03,2026-07-03 16:11:34+08:00
159934,黄金ETF易方达,9.056,9.0558,0.0,0.205,2.32,1198906.0,1087187851.234,9.106,9.11,9.025,8.851,0.96,3.19,1.21,-34.66,593932.0,604974.0,-48031295.0,-4.42,12159585.0,1.12,-60190880.0,-5.54,30124192.0,2.77,17907100.0,1.65,-4404.0,9.056,9.057,3753008992.0,33987249432,33987249432,2026-07-03,2026-07-03 15:34:45+08:00
159170,港股通互联网ETF永赢,0.794,0.7947,0.09,0.018,2.32,385449.0,30532301.025,0.769,0.801,0.769,0.776,4.12,9.57,1.2,-26.67,198330.0,187119.0,1061357.0,3.48,-868145.0,-2.84,1929502.0,6.32,-897715.0,-2.94,-163643.0,-0.54,18.0,0.794,0.795,402638352.0,319694851,319694851,2026-07-03,2026-07-03 15:34:57+08:00
518880,黄金ETF华安,8.672,8.6882,0.19,0.197,2.32,4676685.0,4059995573.0,8.706,8.726,8.636,8.475,1.06,4.53,1.19,-20.3,2245776.0,2430908.0,-209935616.0,-5.17,-40554288.0,-1.0,-169381328.0,-4.17,145582832.0,3.59,64352800.0,1.59,-975.0,8.672,8.673,10316940800.0,89468510618,89468510618,2026-07-03,2026-07-03 16:11:47+08:00
159265,港股消费ETF鹏华,0.797,0.8004,0.42,0.018,2.31,127744.0,10185784.0,0.781,0.8,0.781,0.779,2.44,6.11,0.65,-55.05,72742.0,55002.0,1514320.0,14.87,-853173.0,-8.38,2367493.0,23.24,-1161431.0,-11.4,-352888.0,-3.46,-80.0,0.797,0.798,208950894.0,166533863,166533863,2026-07-03,2026-07-03 15:34:36+08:00
518850,黄金ETF华夏,8.755,8.7693,0.16,0.198,2.31,647080.0,567196715.0,8.793,8.8,8.721,8.557,0.92,3.82,1.26,47.8,309843.0,337237.0,-59879232.0,-10.56,4116957.0,0.73,-63996189.0,-11.28,38681407.0,6.82,21197819.0,3.74,42.0,8.754,8.755,1692078704.0,14814149054,14814149054,2026-07-03,2026-07-03 16:12:00+08:00
159937,黄金ETF博时,8.649,8.6586,0.11,0.195,2.31,777457.0,673125031.2,8.683,8.699,8.618,8.454,0.96,1.65,0.85,-37.86,395544.0,381913.0,-9483949.0,-1.41,5670638.0,0.84,-15154587.0,-2.25,6984218.0,1.04,2499731.0,0.37,1440.0,8.648,8.649,4721821952.0,40839038063,40839038063,2026-07-03,2026-07-03 15:34:45+08:00
159834,金ETF南方,9.048,9.0503,0.03,0.204,2.31,62430.0,56596225.9,9.089,9.11,9.02,8.844,1.02,3.28,1.18,8.51,33874.0,28556.0,-72698.0,-0.13,0.0,0.0,-72698.0,-0.13,591179.0,1.04,-518481.0,-0.92,-180.0,9.048,9.051,190161376.0,1720580130,1720580130,2026-07-03,2026-07-03 15:34:54+08:00
518660,黄金ETF工银,8.69,8.7109,0.24,0.195,2.3,169050.0,147190981.0,8.744,8.76,8.661,8.495,1.17,1.82,0.69,-13.18,85039.0,84011.0,-3939152.0,-2.68,-1949564.0,-1.32,-1989588.0,-1.35,1649404.0,1.12,2289748.0,1.56,-1.0,8.689,8.691,931052704.0,8090847998,8090847998,2026-07-03,2026-07-03 16:11:50+08:00
561920,疫苗ETF招商,0.667,0.6682,0.18,0.015,2.3,34193.0,2267817.0,0.654,0.669,0.65,0.652,2.91,7.02,1.13,-26.85,18303.0,15890.0,484955.0,21.38,422599.0,18.63,62356.0,2.75,-524656.0,-23.13,39700.0,1.75,-11.0,0.667,0.669,48692000.0,32477564,32477564,2026-07-03,2026-07-03 16:11:54+08:00
518860,上海金ETF建信,8.675,8.7042,0.34,0.194,2.29,41246.0,35893406.0,8.759,8.765,8.653,8.481,1.32,0.87,1.05,18.4,20244.0,21002.0,1055459.0,2.94,-442982.0,-1.23,1498441.0,4.17,-1427959.0,-3.98,372501.0,1.04,621.0,8.674,8.683,474759808.0,4118541334,4118541334,2026-07-03,2026-07-03 16:11:34+08:00
513230,港股通消费ETF华夏,0.851,0.8522,0.14,0.019,2.28,287224.0,24409702.0,0.836,0.854,0.836,0.832,2.16,9.22,1.24,-0.51,142534.0,144690.0,1269690.0,5.2,-412408.0,-1.69,1682098.0,6.89,-790097.0,-3.24,-479592.0,-1.96,100.0,0.85,0.851,311422704.0,265020721,265020721,2026-07-03,2026-07-03 16:11:46+08:00
517360,沪港深科技ETF华安,0.942,0.9433,0.14,0.021,2.28,11764.0,1103748.0,0.928,0.944,0.928,0.921,1.74,4.69,1.32,9.6,662.0,11102.0,-12009.0,-1.09,0.0,0.0,-12009.0,-1.09,2227.0,0.2,9782.0,0.89,6.0,0.941,0.942,25083000.0,23628186,23628186,2026-07-03,2026-07-03 16:11:56+08:00
518600,金ETF广发,9.029,9.0431,0.16,0.201,2.28,320392.0,289872997.0,9.06,9.1,9.0,8.828,1.13,3.93,0.66,-18.0,175255.0,145137.0,-21236151.0,-7.33,230564.0,0.08,-21466715.0,-7.41,16826313.0,5.8,4409839.0,1.52,3.0,9.028,9.029,816016304.0,7367811209,7367811209,2026-07-03,2026-07-03 16:11:51+08:00
518680,金ETF富国,9.072,9.0832,0.12,0.201,2.27,204601.0,185824549.0,9.11,9.14,9.042,8.871,1.1,2.65,1.35,-20.65,120004.0,84597.0,10473952.0,5.64,-5889481.0,-3.17,16363433.0,8.81,-11291894.0,-6.08,817943.0,0.44,-6.0,9.072,9.073,771969504.0,7003307340,7003307340,2026-07-03,2026-07-03 16:11:55+08:00
560700,央企红利ETF广发,1.129,1.1273,-0.15,0.025,2.26,82030.0,9226821.0,1.112,1.131,1.112,1.104,1.72,2.19,0.48,-7.56,36398.0,45632.0,1206834.0,13.08,244207.0,2.65,962627.0,10.43,-292038.0,-3.17,-914796.0,-9.91,3.0,1.126,1.129,375036896.0,423416656,423416656,2026-07-03,2026-07-03 16:11:42+08:00
159192,家电ETF汇添富,0.994,0.9939,-0.01,0.022,2.26,39572.0,3921842.092,0.981,0.998,0.981,0.972,1.75,20.84,0.94,75.09,20101.0,19471.0,-133603.0,-3.41,0.0,0.0,-133603.0,-3.41,134107.0,3.42,-504.0,-0.01,-67.0,0.991,0.998,18987065.0,18873143,18873143,2026-07-03,2026-07-03 15:34:48+08:00
159182,家电ETF南方,0.96,0.9625,0.26,0.021,2.24,6970.0,667078.461,0.941,0.964,0.941,0.939,2.45,1.81,0.74,51.17,3780.0,3190.0,275591.0,41.31,0.0,0.0,275591.0,41.31,-185616.0,-27.83,-89973.0,-13.49,113.0,0.959,0.962,38485663.0,36946236,36946236,2026-07-03,2026-07-03 15:34:39+08:00
518890,上海金ETF中银,8.68,8.7023,0.26,0.188,2.21,42246.0,36739630.0,8.701,8.757,8.656,8.492,1.19,1.06,0.94,37.86,22543.0,19703.0,-2306546.0,-6.28,0.0,0.0,-2306546.0,-6.28,1499806.0,4.08,806741.0,2.2,-65.0,8.68,8.686,399554800.0,3468135664,3468135664,2026-07-03,2026-07-03 16:11:43+08:00
513630,港股低波红利ETF摩根,1.488,1.4854,-0.18,0.032,2.2,2673933.0,396444047.0,1.461,1.492,1.461,1.456,2.13,3.53,1.19,-29.82,1610689.0,1063245.0,-17726340.0,-4.47,-36395914.0,-9.18,18669574.0,4.71,14573126.0,3.68,3153214.0,0.8,1.0,1.487,1.488,7571358976.0,11266182156,11266182156,2026-07-03,2026-07-03 16:12:02+08:00
513070,港股通消费ETF易方达,1.078,1.0792,0.11,0.023,2.18,835394.0,89831398.0,1.058,1.081,1.058,1.055,2.18,6.89,0.74,-12.14,414004.0,421390.0,-50247.0,-0.06,406809.0,0.45,-457056.0,-0.51,893186.0,0.99,-842938.0,-0.94,10.0,1.077,1.078,1211760800.0,1306278142,1306278142,2026-07-03,2026-07-03 16:11:50+08:00
159280,港股通互联网ETF汇添富,0.655,0.6539,-0.17,0.014,2.18,132052.0,8615782.6,0.644,0.658,0.643,0.641,2.34,12.98,1.45,-10.27,72174.0,59878.0,-33668.0,-0.39,-16459.0,-0.19,-17209.0,-0.2,103250.0,1.2,-69581.0,-0.81,1000.0,0.65,0.655,101717171.0,66624747,66624747,2026-07-03,2026-07-03 15:34:36+08:00
520620,恒生消费ETF嘉实,0.796,0.7986,0.33,0.017,2.18,78007.0,6203063.0,0.787,0.799,0.787,0.779,1.54,2.3,0.98,-11.66,43682.0,34325.0,206621.0,3.33,-166754.0,-2.69,373375.0,6.02,-232412.0,-3.75,25790.0,0.42,-510.0,0.795,0.797,339409008.0,270169570,270169570,2026-07-03,2026-07-03 16:11:40+08:00
510010,180治理ETF交银,1.691,1.6736,-1.04,0.036,2.18,36.0,6093.0,1.672,1.726,1.655,1.655,4.29,0.0,0.2,20.21,20.0,16.0,1494.0,24.52,0.0,0.0,1494.0,24.52,0.0,0.0,-1495.0,-24.54,0.0,1.668,1.681,131524400.0,222407760,222407760,2026-07-03,2026-07-03 16:11:40+08:00
562860,疫苗ETF嘉实,0.655,0.6553,0.05,0.014,2.18,250367.0,16292690.0,0.639,0.658,0.636,0.641,3.43,7.3,1.47,-0.52,116755.0,133612.0,-99561.0,-0.61,2646601.0,16.24,-2746162.0,-16.86,264317.0,1.62,-164756.0,-1.01,2.0,0.654,0.655,342895008.0,224596230,224596230,2026-07-03,2026-07-03 16:11:38+08:00
513090,香港证券ETF易方达,1.836,1.855,1.02,0.039,2.17,40982213.0,7482472992.0,1.814,1.845,1.812,1.797,1.84,38.68,1.01,-50.39,22342859.0,18639354.0,310298736.0,4.15,453932944.0,6.07,-143634208.0,-1.92,-200860400.0,-2.68,-109438336.0,-1.46,-10367.0,1.836,1.837,10595987968.0,19454233909,19454233909,2026-07-03,2026-07-03 16:11:54+08:00
159831,金ETF嘉实,8.743,8.7583,0.17,0.186,2.17,59419.0,52136881.0,8.984,8.984,8.721,8.557,3.07,2.94,1.45,62.3,32406.0,27013.0,-3740054.0,-7.17,-87828.0,-0.17,-3652226.0,-7.01,1763057.0,3.38,1976998.0,3.79,33.0,8.742,8.743,201956243.0,1765703433,1765703433,2026-07-03,2026-07-03 15:34:00+08:00
159859,生物医药ETF天弘,0.376,0.3767,0.19,0.008,2.17,6321230.0,234530148.608,0.369,0.377,0.364,0.368,3.53,4.93,0.89,-63.03,3461193.0,2860037.0,12387167.0,5.28,25720455.0,10.97,-13333288.0,-5.69,-10088068.0,-4.3,-2299100.0,-0.98,-30335.0,0.376,0.377,12829040128.0,4823719088,4823719088,2026-07-03,2026-07-03 15:34:09+08:00
515640,家电ETF华夏,0.991,0.9927,0.17,0.021,2.16,14194.0,1405073.0,0.971,1.006,0.971,0.97,3.61,8.32,0.75,-15.27,7991.0,6203.0,-184607.0,-13.14,0.0,0.0,-184607.0,-13.14,156885.0,11.17,27723.0,1.97,-150.0,0.991,0.993,17050000.0,16896550,16896550,2026-07-03,2026-07-03 16:11:36+08:00
159221,现金流ETF嘉实,1.092,1.0888,-0.29,0.023,2.15,380390.0,41284409.5,1.07,1.092,1.07,1.069,2.06,3.35,0.52,-42.96,147259.0,233131.0,-1683410.0,-4.08,-2052465.0,-4.97,369055.0,0.89,1517962.0,3.68,165449.0,0.4,20.0,1.089,1.092,1137013232.0,1241618449,1241618449,2026-07-03,2026-07-03 15:34:00+08:00
513590,港股通消费ETF鹏华,0.759,0.7603,0.17,0.016,2.15,38416.0,2906413.0,0.744,0.76,0.744,0.743,2.15,2.87,0.52,-10.15,19869.0,18547.0,673141.0,23.16,0.0,0.0,673141.0,23.16,-575603.0,-19.8,-97537.0,-3.36,100.0,0.757,0.76,133818900.0,101568545,101568545,2026-07-03,2026-07-03 16:11:48+08:00
159285,港股通消费ETF华安,0.765,0.7684,0.44,0.016,2.14,168589.0,12912240.568,0.745,0.769,0.742,0.749,3.6,6.47,1.08,-84.52,90441.0,78148.0,679321.0,5.26,-1179205.0,-9.13,1858526.0,14.39,-584416.0,-4.53,-94904.0,-0.73,555.0,0.764,0.765,260486680.0,199272310,199272310,2026-07-03,2026-07-03 15:34:54+08:00
562910,高端制造ETF易方达,0.917,0.916,-0.11,0.019,2.12,135329.0,12373232.0,0.891,0.924,0.891,0.898,3.67,5.9,1.05,11.66,82596.0,52733.0,-712897.0,-5.76,2264773.0,18.3,-2977670.0,-24.07,784463.0,6.34,-71566.0,-0.58,-13.0,0.917,0.918,229227300.0,210201434,210201434,2026-07-03,2026-07-03 16:11:54+08:00
513720,港股互联网ETF国泰,0.625,0.6226,-0.39,0.013,2.12,216399.0,13494095.0,0.615,0.631,0.615,0.612,2.61,9.06,1.03,-10.23,119579.0,96820.0,39599.0,0.29,203158.0,1.51,-163559.0,-1.21,-43533.0,-0.32,3933.0,0.03,158.0,0.623,0.624,238859000.0,149286875,149286875,2026-07-03,2026-07-03 16:12:00+08:00
159269,港股通科技ETF南方,0.823,0.8185,-0.55,0.017,2.11,1472063.0,120817802.4,0.805,0.825,0.805,0.806,2.48,8.27,0.64,-61.48,795308.0,676755.0,5528927.0,4.58,2899939.0,2.4,2628988.0,2.18,-3834738.0,-3.17,-1694190.0,-1.4,11.0,0.821,0.823,1780311712.0,1465196539,1465196539,2026-07-03,2026-07-03 15:34:00+08:00
561120,家电ETF富国,1.304,1.3067,0.21,0.027,2.11,97979.0,12789422.0,1.277,1.31,1.277,1.277,2.58,33.03,1.1,-20.68,51369.0,46610.0,-617442.0,-4.83,-902176.0,-7.05,284734.0,2.23,119907.0,0.94,497535.0,3.89,437.0,1.304,1.307,29659900.0,38676510,38676510,2026-07-03,2026-07-03 16:11:53+08:00
516960,机械ETF国泰,0.967,0.9658,-0.12,0.02,2.11,14147.0,1362352.0,0.948,0.972,0.942,0.947,3.17,10.07,0.94,-1.57,6279.0,7868.0,229895.0,16.87,0.0,0.0,229895.0,16.87,-280918.0,-20.62,51023.0,3.75,-6.0,0.967,0.968,14051100.0,13587414,13587414,2026-07-03,2026-07-03 16:11:42+08:00
159938,医药ETF广发,0.631,0.6321,0.17,0.013,2.1,1141729.0,71158412.1,0.619,0.633,0.615,0.618,2.91,1.56,0.9,-36.34,502951.0,638778.0,3852898.0,5.41,7955583.0,11.18,-4102685.0,-5.77,-2343985.0,-3.29,-1508914.0,-2.12,-3177.0,0.631,0.632,7317067264.0,4617069444,4617069444,2026-07-03,2026-07-03 15:34:45+08:00
159652,有色ETF汇添富,1.61,1.6044,-0.35,0.033,2.09,1155621.0,186794991.8,1.608,1.638,1.6,1.577,2.41,6.32,0.94,38.53,597176.0,558445.0,-14433170.0,-7.73,912701.0,0.49,-15345871.0,-8.22,11824368.0,6.33,2608802.0,1.4,-4001.0,1.61,1.611,1829320288.0,2945205664,2945205664,2026-07-03,2026-07-03 15:34:24+08:00
515910,质量ETF中金,0.686,0.6848,-0.18,0.014,2.08,75486.0,5177122.0,0.67,0.695,0.67,0.672,3.72,3.11,2.05,-2.12,51128.0,24358.0,-70135.0,-1.35,-869176.0,-16.79,799041.0,15.43,81422.0,1.57,-11287.0,-0.22,70.0,0.684,0.686,242507000.0,166359802,166359802,2026-07-03,2026-07-03 16:11:51+08:00
520520,恒生消费ETF华泰柏瑞,0.934,0.9354,0.15,0.019,2.08,40049.0,3733206.0,0.921,0.936,0.921,0.915,1.64,7.4,0.88,-23.36,26282.0,13767.0,-332875.0,-8.92,0.0,0.0,-332875.0,-8.92,338790.0,9.08,-5915.0,-0.16,107.0,0.932,0.934,54106000.0,50535004,50535004,2026-07-03,2026-07-03 16:11:38+08:00
159930,能源ETF汇添富,1.53,1.5297,-0.02,0.031,2.07,743838.0,113540427.9,1.5,1.537,1.5,1.499,2.47,14.36,1.24,-7.84,338282.0,405556.0,5972549.0,5.26,12213300.0,10.76,-6240751.0,-5.5,-3886419.0,-3.42,-2086129.0,-1.84,-753.0,1.53,1.532,517898144.0,792384160,792384160,2026-07-03,2026-07-03 15:34:39+08:00
516320,高端装备ETF华夏,1.034,1.0317,-0.22,0.021,2.07,80240.0,8253249.0,1.013,1.043,1.013,1.013,2.96,9.83,0.88,26.14,48275.0,31965.0,-2137611.0,-25.9,1534730.0,18.6,-3672341.0,-44.5,1761853.0,21.35,375758.0,4.55,2.0,1.033,1.034,81589300.0,84363336,84363336,2026-07-03,2026-07-03 16:12:01+08:00
159886,机械ETF富国,0.993,0.9934,0.04,0.02,2.06,40552.0,4012926.3,0.983,0.999,0.973,0.973,2.67,6.09,0.54,3.06,14208.0,26344.0,396137.0,9.87,679154.0,16.92,-283017.0,-7.05,-260559.0,-6.49,-135579.0,-3.38,-14.0,0.993,0.994,66642555.0,66176057,66176057,2026-07-03,2026-07-03 15:34:24+08:00
159929,医药ETF汇添富,1.292,1.2942,0.17,0.026,2.05,1038262.0,132716442.091,1.275,1.295,1.26,1.266,2.76,5.83,0.97,-62.73,588097.0,450165.0,15543450.0,11.71,4076585.0,3.07,11466865.0,8.64,-7984786.0,-6.02,-7558664.0,-5.7,-4092.0,1.292,1.293,1782204208.0,2302607837,2302607837,2026-07-03,2026-07-03 15:34:39+08:00
513970,恒生消费ETF景顺,0.802,0.8042,0.27,0.016,2.04,906270.0,72641522.0,0.791,0.806,0.791,0.786,1.91,6.07,1.08,23.78,447649.0,458621.0,7144261.0,9.83,11211535.0,15.43,-4067274.0,-5.6,-6164429.0,-8.49,-979833.0,-1.35,1386.0,0.801,0.803,1494041008.0,1198220888,1198220888,2026-07-03,2026-07-03 16:11:57+08:00
513880,日经225ETF华安,2.261,2.1381,-5.75,0.045,2.03,1239979.0,278734390.0,2.23,2.265,2.22,2.216,2.03,9.73,0.89,-46.08,687924.0,552055.0,-123097.0,-0.04,3932338.0,1.41,-4055435.0,-1.45,-950013.0,-0.34,1073109.0,0.38,-384.0,2.262,2.263,1273970000.0,2880446170,2880446170,2026-07-03,2026-07-03 16:11:54+08:00
159902,中小100ETF华夏,5.066,5.0561,-0.2,0.101,2.03,25681.0,12930254.5,4.911,5.103,4.911,4.965,3.87,3.64,1.07,65.17,14207.0,11474.0,3336235.0,25.8,1582197.0,12.24,1754038.0,13.57,-3256817.0,-25.19,-79418.0,-0.61,10.0,5.065,5.066,70460849.0,356954661,356954661,2026-07-03,2026-07-03 15:34:18+08:00
159328,家电ETF易方达,1.071,1.0716,0.06,0.021,2.0,45242.0,4836133.91,1.05,1.075,1.05,1.05,2.38,3.95,1.07,17.15,23554.0,21688.0,-482943.0,-9.99,-449430.0,-9.29,-33513.0,-0.69,377438.0,7.8,105505.0,2.18,-243.0,1.071,1.072,114556700.0,122690226,122690226,2026-07-03,2026-07-03 15:34:21+08:00
159663,机床ETF华夏,2.657,2.6445,-0.47,0.052,2.0,473623.0,125057805.5,2.55,2.712,2.55,2.605,6.22,20.64,1.0,-88.42,235686.0,237937.0,2051882.0,1.64,-2471242.0,-1.98,4523124.0,3.62,-6161624.0,-4.93,4109743.0,3.29,658.0,2.656,2.657,229517585.0,609828223,609828223,2026-07-03,2026-07-03 15:34:33+08:00
516500,生物科技ETF华夏,0.613,0.6145,0.24,0.012,2.0,283411.0,17188275.0,0.601,0.616,0.596,0.601,3.33,9.88,1.15,-2.87,125234.0,158177.0,1302844.0,7.58,3505796.0,20.4,-2202952.0,-12.82,-987773.0,-5.75,-315071.0,-1.83,-1.0,0.613,0.614,286937200.0,175892504,175892504,2026-07-03,2026-07-03 16:11:57+08:00
159202,恒生互联网ETF万家,0.778,0.7782,0.03,0.015,1.97,1429253.0,110995253.4,0.767,0.784,0.767,0.763,2.23,12.73,1.03,10.48,779286.0,649967.0,5010475.0,4.51,-2956678.0,-2.66,7967153.0,7.18,-4420704.0,-3.98,-589771.0,-0.53,2416.0,0.777,0.778,1122401904.0,873228681,873228681,2026-07-03,2026-07-03 15:34:15+08:00
513330,恒生互联网ETF华夏,0.362,0.3611,-0.25,0.007,1.97,58419452.0,2109392997.0,0.357,0.365,0.356,0.355,2.54,8.11,0.99,-17.79,32783075.0,25636377.0,31875168.0,1.51,60456976.0,2.87,-28581808.0,-1.35,-27218977.0,-1.29,-4656210.0,-0.22,1855.0,0.361,0.362,72019480576.0,26071051969,26071051969,2026-07-03,2026-07-03 16:11:57+08:00
159838,医药50ETF博时,0.569,0.5708,0.32,0.011,1.97,213292.0,12018791.8,0.559,0.571,0.555,0.558,2.87,7.79,1.74,-76.25,121304.0,91988.0,-147814.0,-1.23,1084842.0,9.03,-1232656.0,-10.26,181788.0,1.51,-33974.0,-0.28,280.0,0.567,0.569,273763456.0,155771406,155771406,2026-07-03,2026-07-03 15:34:06+08:00
520660,港股通央企红利ETF南方,0.93,0.929,-0.11,0.018,1.97,1314192.0,121803394.0,0.912,0.93,0.912,0.912,1.97,5.7,1.51,7.68,808901.0,505291.0,11403145.0,9.36,17676227.0,14.51,-6273082.0,-5.15,-9677181.0,-7.94,-1725964.0,-1.42,2.0,0.928,0.929,2306485504.0,2145031519,2145031519,2026-07-03,2026-07-03 16:12:00+08:00
520650,港股通互联网ETF南方,0.572,0.5699,-0.37,0.011,1.96,2336220.0,133436892.0,0.563,0.578,0.562,0.561,2.85,12.38,0.94,-18.57,1196478.0,1139742.0,1069571.0,0.8,2064787.0,1.55,-995216.0,-0.75,-858183.0,-0.64,-211387.0,-0.16,20.0,0.571,0.572,1886755008.0,1079223865,1079223865,2026-07-03,2026-07-03 16:11:54+08:00
159505,国证2000ETF博时,1.829,1.8274,-0.09,0.035,1.95,16574.0,3038742.0,1.794,1.85,1.794,1.794,3.12,12.65,0.48,42.62,6445.0,10129.0,656195.0,21.59,0.0,0.0,656195.0,21.59,-515828.0,-16.98,-140367.0,-4.62,-948.0,1.829,1.835,13104786.0,23968654,23968654,2026-07-03,2026-07-03 15:34:24+08:00
159201,自由现金流ETF华夏,1.098,1.0955,-0.23,0.021,1.95,4416475.0,482797237.1,1.082,1.099,1.081,1.077,1.67,3.61,1.23,1.85,2451639.0,1964836.0,-50255427.0,-10.41,-62965866.0,-13.04,12710439.0,2.63,40148748.0,8.32,10106679.0,2.09,19848.0,1.097,1.098,12228275968.0,13426647013,13426647013,2026-07-03,2026-07-03 15:34:24+08:00
159688,恒生互联网ETF华安,0.736,0.738,0.27,0.014,1.94,1497195.0,110048805.4,0.726,0.743,0.726,0.722,2.35,10.39,0.93,-29.7,816983.0,680212.0,6212869.0,5.65,8131080.0,7.39,-1918211.0,-1.74,-3616306.0,-3.29,-2596564.0,-2.36,10502.0,0.735,0.736,1441278480.0,1060780961,1060780961,2026-07-03,2026-07-03 15:34:06+08:00
159179,港股通互联网ETF工银,0.789,0.7875,-0.19,0.015,1.94,350461.0,27602899.4,0.775,0.797,0.774,0.774,2.97,30.5,0.97,-7.22,170692.0,179769.0,1396046.0,5.06,-1353758.0,-4.9,2749804.0,9.96,-1009811.0,-3.66,-386235.0,-1.4,-1780.0,0.789,0.79,114903568.0,90658915,90658915,2026-07-03,2026-07-03 15:34:06+08:00
515750,科技50ETF富国,2.112,2.1088,-0.15,0.04,1.93,98407.0,20693720.0,2.075,2.125,2.075,2.072,2.41,3.35,0.86,-8.16,48086.0,50321.0,5254313.0,25.39,5697887.0,27.53,-443574.0,-2.14,-4571891.0,-22.09,-682424.0,-3.3,50.0,2.11,2.112,294140496.0,621224728,621224728,2026-07-03,2026-07-03 16:11:33+08:00
516560,养老ETF华宝,0.739,0.7387,-0.04,0.014,1.93,79348.0,5810556.0,0.726,0.74,0.726,0.725,1.93,3.69,1.07,-25.7,30798.0,48550.0,215704.0,3.71,366000.0,6.3,-150296.0,-2.59,69646.0,1.2,-285350.0,-4.91,85.0,0.738,0.739,214758000.0,158706162,158706162,2026-07-03,2026-07-03 16:11:39+08:00
159377,创业板医药ETF国泰,0.955,0.9542,-0.08,0.018,1.92,382877.0,36182292.9,0.939,0.96,0.93,0.937,3.2,33.84,1.37,26.07,190604.0,192273.0,-426693.0,-1.18,-2051955.0,-5.67,1625262.0,4.49,361003.0,1.0,65689.0,0.18,1133.0,0.952,0.955,113129399.0,108038576,108038576,2026-07-03,2026-07-03 15:34:18+08:00
588850,科创机械ETF嘉实,2.238,2.2363,-0.08,0.042,1.91,193041.0,42979961.0,2.177,2.295,2.145,2.196,6.83,18.08,0.89,-20.61,110143.0,82898.0,-4242761.0,-9.87,1136500.0,2.64,-5379261.0,-12.52,3289432.0,7.65,953330.0,2.22,-46.0,2.238,2.239,106779000.0,238971402,238971402,2026-07-03,2026-07-03 16:11:58+08:00
510090,责任ETF建信,2.416,2.4024,-0.57,0.045,1.9,138.0,33278.0,2.395,2.416,2.395,2.371,0.89,0.06,0.33,-2.32,134.0,4.0,-27514.0,-82.68,0.0,0.0,-27514.0,-82.68,0.0,0.0,27514.0,82.68,50.0,2.397,2.407,25081100.0,60595938,60595938,2026-07-03,2026-07-03 16:11:56+08:00
159732,消费电子ETF华夏,1.771,1.7547,-0.93,0.033,1.9,5718431.0,1003169214.63,1.726,1.808,1.7,1.738,6.21,18.84,1.1,91.74,2499177.0,3219254.0,24633808.0,2.46,81417712.0,8.12,-56783904.0,-5.66,-28492247.0,-2.84,3858441.0,0.38,-21870.0,1.771,1.772,3035447904.0,5375778238,5375778238,2026-07-03,2026-07-03 15:34:54+08:00
510150,消费ETF招商,0.484,0.4824,-0.33,0.009,1.89,772614.0,37096639.0,0.475,0.484,0.475,0.475,1.89,2.58,0.88,-29.57,448855.0,323759.0,3799150.0,10.24,5793718.0,15.62,-1994568.0,-5.38,-2856402.0,-7.7,-942747.0,-2.54,37.0,0.483,0.484,2993178608.0,1448698446,1448698446,2026-07-03,2026-07-03 16:11:53+08:00
561570,油气ETF华泰柏瑞,1.291,1.2919,0.07,0.024,1.89,196400.0,25352231.0,1.272,1.297,1.272,1.267,1.97,23.91,1.21,-4.65,105745.0,90655.0,1347311.0,5.31,2276172.0,8.98,-928861.0,-3.66,-1152224.0,-4.54,-195086.0,-0.77,-14.0,1.291,1.293,82147000.0,106051777,106051777,2026-07-03,2026-07-03 16:12:02+08:00
513900,港股通100ETF华安,0.923,0.9284,0.58,0.017,1.88,195941.0,18053687.0,0.912,0.927,0.912,0.906,1.66,16.06,0.85,-20.03,101412.0,94529.0,1094729.0,6.06,923000.0,5.11,171729.0,0.95,-860200.0,-4.76,-234529.0,-1.3,1053.0,0.923,0.925,121978000.0,112585694,112585694,2026-07-03,2026-07-03 16:11:37+08:00
159191,港股通科技ETF易方达,0.868,0.8677,-0.03,0.016,1.88,43221.0,3754111.1,0.858,0.875,0.853,0.852,2.58,5.75,0.76,-20.58,17497.0,25724.0,-279541.0,-7.45,0.0,0.0,-279541.0,-7.45,279141.0,7.44,400.0,0.01,-25.0,0.868,0.869,75104851.0,65191011,65191011,2026-07-03,2026-07-03 15:34:42+08:00
561960,央企回报ETF招商,1.2,1.2011,0.09,0.022,1.87,9250.0,1108504.0,1.189,1.213,1.189,1.178,2.04,1.71,0.72,-11.77,6513.0,2737.0,14178.0,1.28,60240.0,5.43,-46062.0,-4.16,-134338.0,-12.12,120159.0,10.84,-299.0,1.202,1.203,54185200.0,65022240,65022240,2026-07-03,2026-07-03 16:11:58+08:00
159220,港股通红利低波ETF华宝,0.546,0.5459,-0.02,0.01,1.87,937678.0,51132864.868,0.537,0.548,0.537,0.536,2.05,19.88,2.06,59.97,499634.0,438044.0,1226804.0,2.4,4666112.0,9.13,-3439308.0,-6.73,-795007.0,-1.55,-431798.0,-0.84,-4018.0,0.546,0.547,471569520.0,257476958,257476958,2026-07-03,2026-07-03 15:34:21+08:00
513360,教育ETF博时,0.436,0.429,-1.63,0.008,1.87,789342.0,34176118.0,0.428,0.437,0.428,0.428,2.1,11.94,0.82,-38.77,523774.0,265568.0,2672190.0,7.82,3190204.0,9.33,-518014.0,-1.52,-1791509.0,-5.24,-880681.0,-2.58,62.0,0.435,0.436,661213904.0,288289262,288289262,2026-07-03,2026-07-03 16:11:55+08:00
520610,港股红利低波ETF银华,0.876,0.8811,0.58,0.016,1.86,46646.0,4077407.0,0.867,0.877,0.866,0.86,1.28,1.66,0.45,-36.09,32296.0,14350.0,134709.0,3.3,710500.0,17.43,-575791.0,-14.12,-392311.0,-9.62,257602.0,6.32,-84.0,0.876,0.877,280963008.0,246123595,246123595,2026-07-03,2026-07-03 16:11:45+08:00
159268,港股通消费ETF汇添富,0.766,0.7712,0.67,0.014,1.86,445567.0,34227027.888,0.754,0.772,0.754,0.752,2.39,10.1,1.03,-63.04,207028.0,238539.0,5136303.0,15.01,-344595.0,-1.01,5480898.0,16.01,-4389327.0,-12.82,-746976.0,-2.18,-2063.0,0.766,0.769,441055024.0,337848148,337848148,2026-07-03,2026-07-03 15:34:12+08:00
159792,港股通互联网ETF富国,0.549,0.5499,0.16,0.01,1.86,35922259.0,1968534083.911,0.541,0.555,0.54,0.539,2.78,5.91,0.76,-15.54,17636560.0,18285700.0,-21088016.0,-1.07,-237600928.0,-12.07,216512912.0,11.0,22653474.0,1.15,-1565450.0,-0.08,211401.0,0.548,0.549,60782855168.0,33369787487,33369787487,2026-07-03,2026-07-03 15:34:45+08:00
520910,港股通互联网ETF华夏,0.604,0.6026,-0.23,0.011,1.85,662151.0,39966560.0,0.598,0.611,0.593,0.593,3.04,8.58,1.15,-34.17,394483.0,267668.0,986804.0,2.47,-1011860.0,-2.53,1998664.0,5.0,-943183.0,-2.36,-43621.0,-0.11,156.0,0.603,0.604,771445008.0,465952785,465952785,2026-07-03,2026-07-03 16:11:59+08:00
159750,港股科技50ETF招商,0.831,0.8343,0.4,0.015,1.84,792983.0,65838945.2,0.821,0.835,0.821,0.816,1.72,5.88,0.89,-44.56,397153.0,395830.0,7783308.0,11.82,292467.0,0.44,7490841.0,11.38,-2881572.0,-4.38,-4901737.0,-7.45,-2834.0,0.831,0.832,1349618256.0,1121532771,1121532771,2026-07-03,2026-07-03 15:34:06+08:00
512970,大湾区ETF平安,1.662,1.6591,-0.17,0.03,1.84,8156.0,1357849.0,1.652,1.674,1.632,1.632,2.57,8.17,0.98,-27.54,6368.0,1788.0,-213669.0,-15.74,0.0,0.0,-213669.0,-15.74,135341.0,9.97,78328.0,5.77,4.0,1.657,1.662,9987600.0,16599391,16599391,2026-07-03,2026-07-03 16:12:00+08:00
516950,基建ETF银华,1.05,1.0514,0.13,0.019,1.84,95367.0,9959979.0,1.031,1.056,1.031,1.031,2.42,8.03,1.26,-8.06,45393.0,49974.0,-159535.0,-1.6,92364.0,0.93,-251899.0,-2.53,27721.0,0.28,131814.0,1.32,41.0,1.049,1.05,118821000.0,124762050,124762050,2026-07-03,2026-07-03 16:11:59+08:00
513730,东南亚科技ETF华泰柏瑞,1.167,1.1838,1.42,0.021,1.83,212439.0,24705086.0,1.155,1.168,1.149,1.146,1.66,2.47,0.75,-24.42,139603.0,72836.0,4071448.0,16.48,-132231.0,-0.54,4203679.0,17.02,-1653854.0,-6.69,-2417594.0,-9.79,84.0,1.166,1.167,861355008.0,1005201294,1005201294,2026-07-03,2026-07-03 16:11:59+08:00
159251,港股通科技ETF万家,0.727,0.7271,0.01,0.013,1.82,286131.0,20776785.6,0.724,0.733,0.722,0.714,1.54,11.5,1.31,-59.87,128150.0,157981.0,-52950.0,-0.25,43802.0,0.21,-96752.0,-0.47,-49574.0,-0.24,102523.0,0.49,-893.0,0.727,0.728,248787744.0,180868690,180868690,2026-07-03,2026-07-03 15:34:24+08:00
159635,基建ETF华夏,1.009,1.0089,-0.01,0.018,1.82,296222.0,29743800.608,0.989,1.013,0.989,0.991,2.42,22.64,0.86,21.58,162414.0,133808.0,-285749.0,-0.96,-754800.0,-2.54,469051.0,1.58,79192.0,0.27,206557.0,0.69,405.0,1.008,1.009,130846980.0,132024603,132024603,2026-07-03,2026-07-03 15:34:48+08:00
517990,沪港深医药ETF招商,0.844,0.8467,0.32,0.015,1.81,54043.0,4574473.0,0.869,0.88,0.821,0.829,7.12,11.26,1.64,54.39,19187.0,34856.0,-814819.0,-17.81,-794650.0,-17.37,-20169.0,-0.44,627976.0,13.73,186843.0,4.08,-1.0,0.844,0.845,47987900.0,40501788,40501788,2026-07-03,2026-07-03 16:11:55+08:00
520870,巴西ETF易方达,1.077,1.0738,-0.3,0.019,1.8,335961.0,36028859.0,1.069,1.077,1.067,1.058,0.95,6.15,0.73,45.81,192891.0,143070.0,4392227.0,12.19,3688397.0,10.24,703830.0,1.95,-1875968.0,-5.21,-2516259.0,-6.98,10.0,1.075,1.076,546477200.0,588555944,588555944,2026-07-03,2026-07-03 16:11:52+08:00
159747,香港科技ETF南方,1.13,1.1323,0.2,0.02,1.8,669868.0,75701899.127,1.116,1.137,1.116,1.11,1.89,20.01,1.18,-52.54,326499.0,343369.0,5645634.0,7.46,-416873.0,-0.55,6062507.0,8.01,-4764508.0,-6.29,-881126.0,-1.16,-543.0,1.13,1.131,334712272.0,378224867,378224867,2026-07-03,2026-07-03 15:34:27+08:00
159706,深证100ETF华安,1.02,1.0211,0.11,0.018,1.8,35534.0,3651680.7,1.002,1.037,1.002,1.002,3.49,7.42,0.62,16.14,13153.0,22381.0,141187.0,3.87,0.0,0.0,141187.0,3.87,-180630.0,-4.95,39443.0,1.08,-2.0,1.02,1.027,47886800.0,48844536,48844536,2026-07-03,2026-07-03 15:34:00+08:00
159166,现金流ETF长城,0.796,0.7963,0.04,0.014,1.79,23018.0,1824885.292,0.786,0.798,0.786,0.782,1.53,0.39,0.75,-4.17,13628.0,9390.0,-97585.0,-5.35,-193207.0,-10.59,95622.0,5.24,53366.0,2.92,44218.0,2.42,15.0,0.795,0.796,591816064.0,471085587,471085587,2026-07-03,2026-07-03 15:34:51+08:00
516820,医疗创新ETF平安,0.342,0.3422,0.06,0.006,1.79,1890905.0,64056367.0,0.337,0.343,0.334,0.336,2.68,3.51,0.71,-58.02,923511.0,967394.0,4092890.0,6.39,9648857.0,15.06,-5555967.0,-8.67,-3353820.0,-5.24,-739071.0,-1.15,6.0,0.34,0.342,5382415104.0,1840785966,1840785966,2026-07-03,2026-07-03 16:12:01+08:00
520630,港股通互联网ETF广发,0.627,0.6256,-0.22,0.011,1.79,186399.0,11700092.0,0.623,0.634,0.62,0.616,2.27,4.25,1.14,-19.35,98580.0,87819.0,31906.0,0.27,-840708.0,-7.19,872614.0,7.46,57746.0,0.49,-89652.0,-0.77,-15.0,0.627,0.628,438110000.0,274694970,274694970,2026-07-03,2026-07-03 16:11:38+08:00
159100,巴西ETF华夏,1.079,1.0792,0.02,0.019,1.79,231437.0,24906403.563,1.07,1.082,1.069,1.06,1.23,4.97,0.67,-47.71,133119.0,98318.0,5012586.0,20.13,3046024.0,12.23,1966562.0,7.9,-3504030.0,-14.07,-1508556.0,-6.06,6399.0,1.078,1.079,465546928.0,502325135,502325135,2026-07-03,2026-07-03 15:34:03+08:00
159568,港股互联网ETF博时,1.078,1.0762,-0.17,0.019,1.79,763860.0,82262512.2,1.071,1.089,1.064,1.059,2.36,23.02,1.09,-32.51,391223.0,372637.0,2711785.0,3.3,-1687786.0,-2.05,4399571.0,5.35,-1926752.0,-2.34,-785032.0,-0.95,819.0,1.077,1.078,331857904.0,357742821,357742821,2026-07-03,2026-07-03 15:34:03+08:00
510410,资源ETF博时,1.932,1.9251,-0.36,0.034,1.79,122259.0,23779393.0,1.916,1.962,1.916,1.898,2.42,2.93,1.13,-2.14,57061.0,65198.0,4596376.0,19.33,7468205.0,31.41,-2871829.0,-12.08,-2395100.0,-10.07,-2201276.0,-9.26,1.0,1.93,1.932,417258400.0,806143229,806143229,2026-07-03,2026-07-03 16:11:38+08:00
159128,港股科技ETF天弘,0.684,0.686,0.29,0.012,1.79,1315230.0,90070644.168,0.675,0.691,0.675,0.672,2.38,6.39,1.22,-25.3,740553.0,574677.0,2201213.0,2.44,-6705488.0,-7.44,8906701.0,9.89,-2014455.0,-2.24,-186758.0,-0.21,-645.0,0.684,0.685,2056760848.0,1406824420,1406824420,2026-07-03,2026-07-03 15:34:12+08:00
513910,港股通央企红利ETF华夏,1.433,1.4315,-0.1,0.025,1.78,1866691.0,266675544.0,1.411,1.434,1.41,1.408,1.7,9.22,1.14,0.6,1145835.0,720856.0,-22366855.0,-8.39,-22651668.0,-8.49,284813.0,0.11,17214799.0,6.46,5152057.0,1.93,1.0,1.432,1.433,2024276000.0,2900787508,2900787508,2026-07-03,2026-07-03 16:11:50+08:00
513150,港股通科技ETF华泰柏瑞,0.922,0.9217,-0.03,0.016,1.77,1126535.0,103786245.0,0.909,0.927,0.909,0.906,1.99,97.07,1.18,-8.92,548557.0,577978.0,2055655.0,1.98,-3755395.0,-3.62,5811050.0,5.6,-1653525.0,-1.59,-402130.0,-0.39,43.0,0.921,0.922,116059800.0,107007136,107007136,2026-07-03,2026-07-03 16:11:59+08:00
515950,医药50ETF富国,0.921,0.924,0.32,0.016,1.77,168327.0,15373551.0,0.907,0.925,0.898,0.905,2.98,2.74,0.8,-15.58,73233.0,95094.0,2727530.0,17.74,3752391.0,24.41,-1024861.0,-6.67,-1186164.0,-7.72,-1541367.0,-10.03,-43.0,0.921,0.922,614200608.0,565678760,565678760,2026-07-03,2026-07-03 16:11:44+08:00
159822,新经济ETF银华,0.574,0.5676,-1.13,0.01,1.77,78101.0,4477521.5,0.567,0.576,0.567,0.564,1.6,2.38,0.63,-43.07,41528.0,36573.0,946951.0,21.15,266445.0,5.95,680506.0,15.2,-696879.0,-15.56,-250073.0,-5.59,497.0,0.573,0.574,328734320.0,188693500,188693500,2026-07-03,2026-07-03 15:34:36+08:00
159945,能源ETF广发,1.215,1.2174,0.2,0.021,1.76,125250.0,15170332.6,1.194,1.22,1.179,1.194,3.43,18.54,2.2,-45.31,84901.0,40349.0,1474660.0,9.72,720292.0,4.75,754368.0,4.97,855691.0,5.64,-2330351.0,-15.36,-472.0,1.215,1.218,67572327.0,82100377,82100377,2026-07-03,2026-07-03 15:34:27+08:00
513990,港股通ETF招商,1.04,1.043,0.29,0.018,1.76,182015.0,18883213.0,1.026,1.042,1.026,1.022,1.57,27.17,0.98,1.61,98656.0,83359.0,526034.0,2.79,-564206.0,-2.99,1090240.0,5.77,-434547.0,-2.3,-91487.0,-0.48,1120.0,1.037,1.04,67000000.0,69680000,69680000,2026-07-03,2026-07-03 16:11:37+08:00
159742,恒生科技ETF博时,0.581,0.5801,-0.16,0.01,1.75,2735898.0,158909902.244,0.574,0.585,0.574,0.571,1.93,3.9,0.9,-20.51,1548620.0,1187278.0,5596279.0,3.52,14618889.0,9.2,-9022610.0,-5.68,-4485870.0,-2.82,-1110409.0,-0.7,14383.0,0.58,0.581,7006928384.0,4071025391,4071025391,2026-07-03,2026-07-03 15:34:24+08:00
159101,港股通科技ETF华夏,0.699,0.699,0.0,0.012,1.75,4182824.0,292172703.91,0.691,0.704,0.691,0.687,1.89,13.2,1.22,-6.26,2027993.0,2154831.0,2248632.0,0.77,-2721238.0,-0.93,4969870.0,1.7,-1985256.0,-0.68,-263375.0,-0.09,2822.0,0.698,0.699,3169311456.0,2215348708,2215348708,2026-07-03,2026-07-03 15:34:06+08:00
159336,央企红利ETF融通,1.102,1.1024,0.04,0.019,1.75,79412.0,8750157.597,1.091,1.105,1.091,1.083,1.29,2.06,0.63,-60.28,61167.0,18245.0,-1395893.0,-15.95,-2814059.0,-32.16,1418166.0,16.21,1328084.0,15.18,67809.0,0.77,-10.0,1.102,1.104,384905088.0,424165407,424165407,2026-07-03,2026-07-03 15:34:54+08:00
159222,自由现金流ETF易方达,1.168,1.1669,-0.09,0.02,1.74,647619.0,75316931.5,1.148,1.17,1.148,1.148,1.92,4.67,0.93,-49.86,343408.0,304211.0,-7259528.0,-9.64,-11618006.0,-15.43,4358478.0,5.79,6418377.0,8.52,841151.0,1.12,-614.0,1.168,1.169,1386370400.0,1619280627,1619280627,2026-07-03,2026-07-03 15:34:24+08:00
515960,医药ETF嘉实,0.817,0.816,-0.12,0.014,1.74,141880.0,11475635.0,0.803,0.82,0.8,0.803,2.49,5.46,1.11,22.44,58773.0,83107.0,37851.0,0.33,-340873.0,-2.97,378724.0,3.3,26013.0,0.23,-63865.0,-0.56,159.0,0.817,0.818,259991900.0,212413382,212413382,2026-07-03,2026-07-03 16:11:54+08:00
159223,现金流ETF永赢,1.057,1.0582,0.11,0.018,1.73,62716.0,6601533.5,1.044,1.059,1.044,1.039,1.44,3.25,0.63,-40.74,25224.0,37492.0,-323213.0,-4.9,0.0,0.0,-323213.0,-4.9,245113.0,3.71,78100.0,1.18,-94.0,1.057,1.059,192844755.0,203836906,203836906,2026-07-03,2026-07-03 15:34:27+08:00
513950,恒生红利ETF富国,1.183,1.1838,0.07,0.02,1.72,1877070.0,221564523.0,1.169,1.195,1.168,1.163,2.32,9.38,3.01,19.83,1096832.0,780238.0,-13889009.0,-6.27,-4624543.0,-2.09,-9264466.0,-4.18,9761948.0,4.41,4127061.0,1.86,-724.0,1.183,1.184,2001619008.0,2367915286,2367915286,2026-07-03,2026-07-03 16:11:39+08:00
159259,成长ETF易方达,1.652,1.6387,-0.81,0.028,1.72,3785012.0,622758057.551,1.593,1.698,1.593,1.624,6.47,9.99,0.76,-34.63,1672693.0,2112319.0,27014420.0,4.34,87571232.0,14.06,-60556812.0,-9.72,-16801287.0,-2.7,-10213134.0,-1.64,3516.0,1.651,1.652,3787696400.0,6257274453,6257274453,2026-07-03,2026-07-03 15:34:27+08:00
159619,基建ETF国泰,0.952,0.9532,0.13,0.016,1.71,32508.0,3085907.848,0.935,0.958,0.935,0.936,2.46,3.97,0.87,-13.11,22111.0,10397.0,310732.0,10.07,10070.0,0.33,300662.0,9.74,-448059.0,-14.52,137327.0,4.45,21.0,0.953,0.955,81981007.0,78045919,78045919,2026-07-03,2026-07-03 15:34:00+08:00
159335,央企科创ETF融通,1.667,1.6553,-0.71,0.028,1.71,29594.0,4872404.5,1.637,1.678,1.615,1.639,3.84,5.08,0.95,-93.03,11175.0,18419.0,-21741.0,-0.45,-4837.0,-0.1,-16904.0,-0.35,273347.0,5.61,-251606.0,-5.16,4.0,1.659,1.667,58283689.0,97158910,97158910,2026-07-03,2026-07-03 15:34:27+08:00
159667,工业母机ETF国泰,0.891,0.8866,-0.5,0.015,1.71,5703352.0,508064031.214,0.869,0.914,0.857,0.876,6.51,15.43,1.36,59.51,2843119.0,2860233.0,-39076808.0,-7.69,-49443834.0,-9.73,10367026.0,2.04,23006645.0,4.53,16070163.0,3.16,-14694.0,0.891,0.892,3696050720.0,3293181192,3293181192,2026-07-03,2026-07-03 15:34:36+08:00
159183,新能源车ETF招商,1.009,1.0076,-0.14,0.017,1.71,61728.0,6198851.1,0.99,1.014,0.99,0.992,2.42,12.25,0.69,-41.62,41787.0,19941.0,450774.0,7.27,-314788.0,-5.08,765562.0,12.35,-509937.0,-8.23,59165.0,0.95,-1.0,1.009,1.01,50387793.0,50841283,50841283,2026-07-03,2026-07-03 15:34:30+08:00
520790,港股通互联网ETF兴业,0.783,0.7805,-0.32,0.013,1.69,85947.0,6693578.0,0.77,0.79,0.77,0.77,2.6,2.23,0.95,-19.98,51670.0,34277.0,-973644.0,-14.55,-80195.0,-1.2,-893449.0,-13.35,912891.0,13.64,60753.0,0.91,153.0,0.782,0.783,385075008.0,301513731,301513731,2026-07-03,2026-07-03 16:11:35+08:00
159040,港股通互联网ETF鹏华,1.02,1.03,0.97,0.017,1.69,122272.0,12465600.221,1.012,1.032,1.007,1.003,2.49,10.77,0.33,58.08,61189.0,61083.0,543814.0,4.36,-508621.0,-4.08,1052435.0,8.44,-139434.0,-1.12,-404379.0,-3.24,-591.0,1.02,1.021,113481087.0,115750709,115750709,2026-07-03,2026-07-03 15:34:00+08:00
159898,医疗器械ETF招商,0.48,0.4792,-0.17,0.008,1.69,217857.0,10419949.0,0.473,0.483,0.473,0.472,2.12,2.36,0.52,-29.79,129907.0,87950.0,-89839.0,-0.86,-980456.0,-9.41,890617.0,8.55,90276.0,0.87,-437.0,0.0,-1310.0,0.48,0.481,922098832.0,442607439,442607439,2026-07-03,2026-07-03 15:34:27+08:00
159981,能源化工ETF建信,1.389,1.3947,0.41,0.023,1.68,1939018.0,269620376.2,1.381,1.397,1.38,1.366,1.24,11.11,0.93,-33.19,999740.0,939278.0,18492899.0,6.86,10411262.0,3.86,8081637.0,3.0,-6815732.0,-2.53,-11677167.0,-4.33,5893.0,1.388,1.389,1745536960.0,2424550837,2424550837,2026-07-03,2026-07-03 15:34:45+08:00
513020,港股科技ETF国泰,0.907,0.9085,0.17,0.015,1.68,1791793.0,162554416.0,0.896,0.913,0.896,0.892,1.91,6.62,0.98,-8.14,920913.0,870880.0,4515755.0,2.78,11206846.0,6.89,-6691091.0,-4.12,-3038234.0,-1.87,-1477521.0,-0.91,200.0,0.906,0.907,2708145408.0,2456287885,2456287885,2026-07-03,2026-07-03 16:11:36+08:00
512010,医药ETF易方达,0.363,0.3634,0.11,0.006,1.68,21115515.0,760551156.0,0.36,0.366,0.355,0.357,3.08,4.29,0.83,-33.09,12062704.0,9052811.0,2140909.0,0.28,-66016496.0,-8.68,68157405.0,8.96,-2853345.0,-0.38,712436.0,0.09,-1121.0,0.363,0.364,49214694912.0,17864934253,17864934253,2026-07-03,2026-07-03 16:11:33+08:00
560070,央企红利ETF汇添富,1.106,1.1075,0.14,0.018,1.65,30236.0,3350524.0,1.098,1.112,1.098,1.088,1.29,2.31,1.14,-9.78,15860.0,14376.0,220903.0,6.59,240381.0,7.17,-19478.0,-0.58,-120442.0,-3.59,-100462.0,-3.0,-20.0,1.105,1.109,130862300.0,144733704,144733704,2026-07-03,2026-07-03 16:11:55+08:00
159125,港股通科技ETF招商,0.676,0.6778,0.27,0.011,1.65,391506.0,26482913.0,0.662,0.683,0.661,0.665,3.31,4.2,0.75,-35.77,213612.0,177893.0,465647.0,1.76,816355.0,3.08,-350708.0,-1.32,-592122.0,-2.24,126475.0,0.48,-200.0,0.676,0.677,931245888.0,629522220,629522220,2026-07-03,2026-07-03 15:34:06+08:00
159636,港股通科技30ETF工银,0.494,0.4951,0.22,0.008,1.65,25159451.0,1238719675.4,0.486,0.497,0.486,0.486,2.26,6.19,1.08,-49.97,11135231.0,14024220.0,150448995.0,12.15,347253776.0,28.03,-196804781.0,-15.89,-153188666.0,-12.37,2739675.0,0.22,84557.0,0.493,0.494,40668501248.0,20090239617,20090239617,2026-07-03,2026-07-03 15:34:18+08:00
520900,港股通红利ETF广发,0.93,0.9338,0.41,0.015,1.64,964015.0,89618460.0,0.915,0.934,0.915,0.915,2.08,5.56,1.0,-16.17,499634.0,464381.0,5856159.0,6.53,6835073.0,7.63,-978914.0,-1.09,-5295530.0,-5.91,-560629.0,-0.63,-106.0,0.93,0.931,1733175008.0,1611852757,1611852757,2026-07-03,2026-07-03 16:11:48+08:00
516910,物流ETF富国,1.118,1.1172,-0.07,0.018,1.64,136605.0,15280407.0,1.113,1.128,1.105,1.1,2.09,23.7,1.0,2.11,56281.0,80324.0,1649238.0,10.79,162823.0,1.07,1486415.0,9.73,-1206826.0,-7.9,-442412.0,-2.9,12.0,1.117,1.118,57641800.0,64443532,64443532,2026-07-03,2026-07-03 16:11:45+08:00
515050,通信ETF华夏,1.242,1.2432,0.1,0.02,1.64,17077070.0,2130445906.0,1.205,1.283,1.203,1.222,6.55,9.36,0.93,-15.5,7277425.0,9799645.0,212116624.0,9.96,295969392.0,13.89,-83852768.0,-3.94,-143249920.0,-6.72,-68866703.0,-3.23,-641.0,1.242,1.243,18245205504.0,22660545236,22660545236,2026-07-03,2026-07-03 16:11:44+08:00
159051,医疗器械ETF易方达,0.995,0.9929,-0.21,0.016,1.63,62324.0,6175305.768,0.979,0.998,0.979,0.979,1.94,3.04,1.06,-83.95,24918.0,37406.0,397815.0,6.44,-1041928.0,-16.87,1439743.0,23.31,-371337.0,-6.01,-26478.0,-0.43,53.0,0.993,0.995,205117894.0,204092305,204092305,2026-07-03,2026-07-03 15:34:57+08:00
159847,医疗ETF易方达,0.376,0.376,0.0,0.006,1.62,843791.0,31387281.8,0.371,0.377,0.367,0.37,2.7,2.02,0.83,-31.21,441135.0,402656.0,1442651.0,4.6,1411715.0,4.5,30936.0,0.1,-1174318.0,-3.74,-268333.0,-0.85,8387.0,0.375,0.376,4173825360.0,1569358335,1569358335,2026-07-03,2026-07-03 15:34:12+08:00
159203,大盘成长ETF博时,1.442,1.4429,0.06,0.023,1.62,4200.0,611325.7,1.433,1.461,1.433,1.419,1.97,4.78,0.31,-61.4,408.0,3792.0,-266053.0,-43.52,0.0,0.0,-266053.0,-43.52,271414.0,44.4,-5359.0,-0.88,4.0,1.428,1.456,8791913.0,12677939,12677939,2026-07-03,2026-07-03 15:34:39+08:00
159117,港股通红利低波ETF鹏华,0.939,0.9423,0.35,0.015,1.62,45097.0,4221220.34,0.927,0.943,0.927,0.924,1.73,7.23,1.26,-26.69,26263.0,18834.0,218854.0,5.18,0.0,0.0,218854.0,5.18,-176386.0,-4.18,-42468.0,-1.01,-34.0,0.939,0.941,62401153.0,58594683,58594683,2026-07-03,2026-07-03 15:34:12+08:00
159891,医疗ETF建信,0.378,0.3773,-0.19,0.006,1.61,343798.0,12916579.9,0.375,0.379,0.372,0.372,1.88,10.05,1.01,-16.23,160126.0,183672.0,-2405.0,-0.02,273.0,0.0,-2678.0,-0.02,-66590.0,-0.52,68995.0,0.53,-89.0,0.378,0.379,342024832.0,129285386,129285386,2026-07-03,2026-07-03 15:34:12+08:00
159605,中概互联ETF广发,0.759,0.7502,-1.17,0.012,1.61,4521607.0,343312914.382,0.751,0.767,0.751,0.747,2.14,9.64,1.13,-56.78,2347536.0,2174071.0,4308778.0,1.26,3046715.0,0.89,1262063.0,0.37,-3810264.0,-1.11,-498513.0,-0.15,19778.0,0.758,0.759,4692486144.0,3561596983,3561596983,2026-07-03,2026-07-03 15:34:24+08:00
560470,有色ETF易方达,0.885,0.8834,-0.18,0.014,1.61,180462.0,16048271.0,0.89,0.902,0.882,0.871,2.3,6.46,1.21,-33.4,86852.0,93610.0,-1002365.0,-6.25,-1483847.0,-9.25,481482.0,3.0,546567.0,3.41,455798.0,2.84,1.0,0.883,0.885,279340000.0,247215900,247215900,2026-07-03,2026-07-03 16:11:56+08:00
513750,港股通非银ETF广发,1.455,1.4628,0.53,0.023,1.61,4720004.0,686822704.0,1.451,1.465,1.446,1.432,1.33,4.93,0.62,-57.36,2352194.0,2367810.0,11988877.0,1.75,52272877.0,7.61,-40284000.0,-5.87,-19339963.0,-2.82,7351081.0,1.07,12.0,1.454,1.455,9566338048.0,13919021860,13919021860,2026-07-03,2026-07-03 16:12:01+08:00
510720,红利国企ETF国泰,0.944,0.9417,-0.24,0.015,1.61,1882112.0,176956539.0,0.93,0.947,0.93,0.929,1.83,5.1,0.72,-56.78,1042378.0,839734.0,24404320.0,13.79,28111763.0,15.89,-3707443.0,-2.1,-14724814.0,-8.32,-9679505.0,-5.47,50.0,0.943,0.944,3688766000.0,3482195104,3482195104,2026-07-03,2026-07-03 16:11:33+08:00
512170,医疗ETF华宝,0.316,0.3179,0.6,0.005,1.61,19570234.0,613080833.0,0.312,0.317,0.309,0.311,2.57,2.35,0.81,-54.77,10950168.0,8620066.0,15593176.0,2.54,45444736.0,7.41,-29851560.0,-4.87,-12219966.0,-1.99,-3373207.0,-0.55,-473.0,0.316,0.317,83305820160.0,26324639171,26324639171,2026-07-03,2026-07-03 16:11:33+08:00
520580,新兴亚洲ETF招商,0.955,0.9398,-1.62,0.015,1.6,62400.0,5940780.0,0.948,0.956,0.948,0.94,0.85,2.14,0.83,-33.79,36029.0,26371.0,147523.0,2.48,-917651.0,-15.45,1065174.0,17.93,135648.0,2.28,-283171.0,-4.77,-2.0,0.955,0.956,291983904.0,278844628,278844628,2026-07-03,2026-07-03 16:11:39+08:00
159806,新能源车ETF国泰,0.828,0.8266,-0.17,0.013,1.6,281588.0,23210395.638,0.815,0.833,0.815,0.815,2.21,3.15,0.82,-5.13,129584.0,152004.0,948094.0,4.08,-950001.0,-4.09,1898095.0,8.18,-547706.0,-2.36,-400387.0,-1.73,565.0,0.826,0.828,895089440.0,741134056,741134056,2026-07-03,2026-07-03 15:34:30+08:00
513920,港股通央企红利ETF华安,1.461,1.4626,0.11,0.023,1.6,2349948.0,343371011.0,1.438,1.469,1.438,1.438,2.16,9.08,2.41,74.13,1382318.0,967630.0,-59151784.0,-17.23,-60430405.0,-17.6,1278621.0,0.37,47679257.0,13.89,11472528.0,3.34,-2808.0,1.463,1.464,2589231008.0,3782866503,3782866503,2026-07-03,2026-07-03 16:11:58+08:00
513040,港股通互联网ETF易方达,0.892,0.8903,-0.19,0.014,1.59,4991448.0,444817237.0,0.887,0.903,0.881,0.878,2.51,8.72,0.86,-27.55,2650985.0,2340463.0,-8619752.0,-1.94,19217218.0,4.32,-27836970.0,-6.26,6421378.0,1.44,2198374.0,0.49,-200.0,0.892,0.893,5721841408.0,5103882536,5103882536,2026-07-03,2026-07-03 16:11:45+08:00
516660,新能源车ETF华安,1.15,1.1477,-0.2,0.018,1.59,5290.0,607547.0,1.135,1.155,1.135,1.132,1.77,0.34,0.19,-0.27,3334.0,1956.0,71535.0,11.77,28076.0,4.62,43459.0,7.15,-867.0,-0.14,-70668.0,-11.63,28.0,1.15,1.151,155689000.0,179042350,179042350,2026-07-03,2026-07-03 16:11:38+08:00
159225,现金流ETF银华,1.15,1.1499,-0.01,0.018,1.59,26445.0,3034327.285,1.143,1.152,1.142,1.132,0.88,0.98,0.36,44.03,12998.0,13447.0,-484180.0,-15.96,-240533.0,-7.93,-243647.0,-8.03,381490.0,12.57,102690.0,3.38,2.0,1.15,1.152,268744800.0,309056520,309056520,2026-07-03,2026-07-03 15:34:39+08:00
159118,港股通红利低波ETF华夏,0.897,0.8983,0.14,0.014,1.59,61691.0,5505942.5,0.885,0.898,0.885,0.883,1.47,7.94,1.24,-34.75,39440.0,22251.0,-207379.0,-3.77,0.0,0.0,-207379.0,-3.77,177821.0,3.23,29556.0,0.54,2000.0,0.896,0.898,77677020.0,69676287,69676287,2026-07-03,2026-07-03 15:34:15+08:00
159367,创业板50ETF华夏,2.05,2.0135,-1.81,0.032,1.59,68096.0,13853461.5,2.006,2.063,1.998,2.018,3.22,6.3,0.57,-58.27,30413.0,37683.0,-944976.0,-6.82,-1034037.0,-7.46,89061.0,0.64,56726.0,0.41,888250.0,6.41,2495.0,2.02,2.05,108079029.0,221562009,221562009,2026-07-03,2026-07-03 15:34:09+08:00
589980,科创100ETF汇添富,2.19,2.1831,-0.32,0.034,1.58,23989.0,5211611.0,2.145,2.226,2.114,2.156,5.19,2.0,0.81,-4.97,11326.0,12663.0,376162.0,7.22,1084000.0,20.8,-707838.0,-13.58,-215527.0,-4.14,-160635.0,-3.08,-30.0,2.182,2.188,120122000.0,263067180,263067180,2026-07-03,2026-07-03 16:11:57+08:00
520550,港股红利低波ETF招商,1.029,1.0252,-0.37,0.016,1.58,511913.0,52491320.0,1.014,1.03,1.014,1.013,1.58,4.65,0.81,1.61,279330.0,232583.0,-245207.0,-0.47,-4730942.0,-9.01,4485735.0,8.55,-33544.0,-0.06,278753.0,0.53,1.0,1.028,1.029,1101024000.0,1132953696,1132953696,2026-07-03,2026-07-03 16:11:35+08:00
