代码,名称,最新价,IOPV实时估值,基金折价率,涨跌额,涨跌幅,成交量,成交额,开盘价,最高价,最低价,昨收,振幅,换手率,量比,委比,外盘,内盘,主力净流入-净额,主力净流入-净占比,超大单净流入-净额,超大单净流入-净占比,大单净流入-净额,大单净流入-净占比,中单净流入-净额,中单净流入-净占比,小单净流入-净额,小单净流入-净占比,现手,买一,卖一,最新份额,流通市值,总市值,数据日期,更新时间
516770,游戏ETF华泰柏瑞,1.172,1.1681,-0.33,0.066,5.97,588111.0,67488840.0,1.098,1.182,1.097,1.106,7.69,15.47,1.27,-5.0,355424.0,232687.0,8154986.0,12.08,74677.0,0.11,8080309.0,11.97,-2023677.0,-3.0,-6131308.0,-9.08,-6423.0,1.172,1.173,380048000.0,445416256,445416256,2026-07-15,2026-07-15 16:11:57+08:00
159869,游戏ETF华夏,1.117,1.1136,-0.31,0.061,5.78,9313085.0,1021489741.202,1.053,1.126,1.047,1.056,7.48,11.41,1.28,-34.29,5838578.0,3474507.0,215531152.0,21.1,220449968.0,21.58,-4918816.0,-0.48,-115021704.0,-11.26,-100509438.0,-9.84,-91569.0,1.117,1.118,8160082176.0,9114811791,9114811791,2026-07-15,2026-07-15 15:34:51+08:00
516010,游戏ETF国泰,1.106,1.1062,0.02,0.057,5.43,1712725.0,186068003.0,1.041,1.118,1.04,1.049,7.44,6.96,1.33,-1.5,1117449.0,595276.0,44314023.0,23.82,34128802.0,18.34,10185221.0,5.47,-20871493.0,-11.22,-23442530.0,-12.6,-14169.0,1.106,1.107,2459693008.0,2720420467,2720420467,2026-07-15,2026-07-15 16:11:52+08:00
512690,酒ETF鹏华,0.416,0.4155,-0.12,0.02,5.05,36418138.0,1491674295.0,0.393,0.418,0.391,0.396,6.82,10.64,2.36,-23.45,23830169.0,12587968.0,213871165.0,14.34,333122896.0,22.33,-119251731.0,-7.99,-146030909.0,-9.79,-67840249.0,-4.55,-500047.0,0.415,0.416,34213750272.0,14232920113,14232920113,2026-07-15,2026-07-15 16:11:53+08:00
159657,疫苗ETF鹏华,0.617,0.613,-0.65,0.029,4.93,82995.0,5084837.034,0.584,0.619,0.584,0.588,5.95,4.95,2.77,-15.77,53268.0,29727.0,917812.0,18.05,2941741.0,57.85,-2023929.0,-39.8,-438779.0,-8.63,-479032.0,-9.42,-3057.0,0.617,0.618,167514819.0,103356643,103356643,2026-07-15,2026-07-15 15:34:27+08:00
159643,疫苗ETF国泰,0.57,0.566,-0.71,0.026,4.78,258165.0,14529692.863,0.545,0.574,0.54,0.544,6.25,9.41,1.49,-36.22,147513.0,110652.0,1232480.0,8.48,2628313.0,18.09,-1395833.0,-9.61,-371236.0,-2.56,-861244.0,-5.93,1778.0,0.567,0.57,274390624.0,156402656,156402656,2026-07-15,2026-07-15 15:34:18+08:00
159855,影视ETF银华,0.733,0.7309,-0.29,0.033,4.71,374366.0,27170490.1,0.698,0.738,0.698,0.7,5.71,19.61,1.45,-16.3,247648.0,126718.0,4652372.0,17.12,3794169.0,13.96,858203.0,3.16,-2353438.0,-8.66,-2298934.0,-8.46,-2015.0,0.733,0.734,190925236.0,139948198,139948198,2026-07-15,2026-07-15 15:34:00+08:00
520500,恒生创新药ETF华泰柏瑞,1.468,1.4614,-0.45,0.066,4.71,31778748.0,4673962224.0,1.405,1.502,1.403,1.402,7.06,145.79,1.57,-14.15,16666175.0,15112573.0,-96193872.0,-2.06,-173195888.0,-3.71,77002016.0,1.65,92661968.0,1.98,3531904.0,0.08,-85218.0,1.468,1.469,2179805008.0,3199953752,3199953752,2026-07-15,2026-07-15 16:11:40+08:00
159859,生物医药ETF天弘,0.403,0.401,-0.5,0.018,4.68,13503353.0,541129889.705,0.383,0.409,0.381,0.385,7.27,10.97,2.22,-47.54,8336888.0,5166464.0,65819463.0,12.16,148107356.0,27.37,-82287893.0,-15.21,-53163115.0,-9.82,-12656353.0,-2.34,63458.0,0.402,0.403,12307040000.0,4959737120,4959737120,2026-07-15,2026-07-15 15:34:48+08:00
159506,港股通创新药医疗ETF富国,1.264,1.2546,-0.75,0.055,4.55,14655042.0,1855550625.9,1.212,1.292,1.212,1.209,6.62,63.43,1.6,-19.02,7270303.0,7384739.0,-103475870.0,-5.58,-137486222.0,-7.41,34010352.0,1.83,83375872.0,4.49,20100011.0,1.08,35387.0,1.263,1.264,2310536976.0,2920518738,2920518738,2026-07-15,2026-07-15 15:34:12+08:00
159508,生物医药ETF华安,0.834,0.8283,-0.69,0.036,4.51,387555.0,31969654.0,0.789,0.845,0.776,0.798,8.65,35.74,2.17,28.05,188225.0,199330.0,-757729.0,-2.37,-678455.0,-2.12,-79274.0,-0.25,491794.0,1.54,265935.0,0.83,-935.0,0.834,0.835,108431598.0,90431953,90431953,2026-07-15,2026-07-15 15:34:15+08:00
589720,科创创新药ETF国泰,0.996,0.9925,-0.35,0.043,4.51,18178460.0,1824050228.0,0.949,1.035,0.948,0.953,9.13,45.49,1.55,-21.62,9942168.0,8236292.0,490384.0,0.03,-56997040.0,-3.12,57487424.0,3.15,2636272.0,0.14,-3126650.0,-0.17,-114174.0,0.995,0.996,3995823008.0,3979839716,3979839716,2026-07-15,2026-07-15 16:11:53+08:00
516900,食品饮料ETF华安,0.49,0.4886,-0.29,0.021,4.48,155088.0,7482233.0,0.47,0.49,0.467,0.469,4.9,4.33,1.2,1.19,115503.0,39585.0,891561.0,11.92,898959.0,12.01,-7398.0,-0.1,-263554.0,-3.52,-628007.0,-8.39,-784.0,0.489,0.49,358229008.0,175532214,175532214,2026-07-15,2026-07-15 16:11:42+08:00
159377,创业板医药ETF国泰,1.004,1.0038,-0.02,0.043,4.47,485364.0,48533841.228,0.955,1.028,0.95,0.961,8.12,32.77,1.33,-35.69,243979.0,241385.0,269463.0,0.56,1546927.0,3.19,-1277464.0,-2.63,-322633.0,-0.66,53169.0,0.11,9020.0,1.003,1.004,148129399.0,148721917,148721917,2026-07-15,2026-07-15 15:34:57+08:00
159645,疫苗ETF富国,0.635,0.6332,-0.28,0.027,4.44,74113.0,4680604.4,0.603,0.64,0.603,0.608,6.09,11.31,3.13,54.86,52400.0,21713.0,167524.0,3.58,-1225586.0,-26.18,1393110.0,29.76,-23956.0,-0.51,-143568.0,-3.07,-2500.0,0.635,0.636,65540740.0,41618370,41618370,2026-07-15,2026-07-15 15:34:21+08:00
159316,港股通创新药ETF易方达,1.181,1.1716,-0.8,0.049,4.33,21488655.0,2534225546.6,1.133,1.203,1.133,1.132,6.18,41.46,1.45,-14.85,10999596.0,10489059.0,7129040.0,0.28,31775456.0,1.25,-24646416.0,-0.97,-11034832.0,-0.44,3905786.0,0.15,32797.0,1.18,1.181,5183336192.0,6121520043,6121520043,2026-07-15,2026-07-15 15:34:33+08:00
517110,创新药ETF国泰,0.772,0.7708,-0.16,0.032,4.32,1433499.0,110672307.0,0.74,0.79,0.735,0.74,7.43,10.31,1.39,75.51,781745.0,651754.0,13194524.0,11.92,10951507.0,9.9,2243017.0,2.03,-7382434.0,-6.67,-5812090.0,-5.25,-6852.0,0.772,0.773,1390098496.0,1073156039,1073156039,2026-07-15,2026-07-15 16:11:52+08:00
516080,创新药ETF易方达,0.728,0.7229,-0.71,0.03,4.3,6590683.0,477696053.0,0.696,0.743,0.691,0.698,7.45,14.41,1.51,18.5,3586994.0,3003689.0,7460937.0,1.56,-14498191.0,-3.04,21959128.0,4.6,-6511696.0,-1.36,-949240.0,-0.2,-89794.0,0.728,0.729,4574554880.0,3330275953,3330275953,2026-07-15,2026-07-15 16:11:58+08:00
589120,科创创新药ETF汇添富,0.916,0.9145,-0.16,0.037,4.21,4458814.0,412240199.0,0.872,0.954,0.872,0.879,9.33,37.39,1.55,19.36,2306238.0,2152576.0,17588603.0,4.27,21866085.0,5.3,-4277482.0,-1.04,-14949710.0,-3.63,-2638893.0,-0.64,-35074.0,0.916,0.917,1192620000.0,1092439920,1092439920,2026-07-15,2026-07-15 16:11:55+08:00
588250,科创医药ETF鹏华,1.114,1.1101,-0.35,0.045,4.21,344066.0,38487731.0,1.063,1.14,1.063,1.069,7.2,10.56,1.98,-3.45,177490.0,166576.0,935984.0,2.43,5595210.0,14.54,-4659226.0,-12.11,139454.0,0.36,-1075438.0,-2.79,-4020.0,1.113,1.114,325675008.0,362801959,362801959,2026-07-15,2026-07-15 16:11:47+08:00
159839,生物医药ETF汇添富,0.373,0.372,-0.27,0.015,4.19,4481440.0,166688093.314,0.357,0.38,0.355,0.358,6.98,14.17,2.16,-54.41,2800034.0,1681406.0,9880993.0,5.93,31148077.0,18.69,-21267084.0,-12.76,-7045369.0,-4.23,-2835625.0,-1.7,49838.0,0.372,0.373,3162735168.0,1179700218,1179700218,2026-07-15,2026-07-15 15:34:45+08:00
159672,消费ETF博时,0.621,0.6193,-0.27,0.025,4.19,140925.0,8612282.94,0.599,0.621,0.591,0.596,5.03,10.77,2.74,33.4,83309.0,57616.0,751406.0,8.72,685295.0,7.96,66111.0,0.77,-452408.0,-5.25,-298998.0,-3.47,10249.0,0.62,0.621,130887409.0,81281081,81281081,2026-07-15,2026-07-15 15:34:33+08:00
159689,消费ETF南方,0.621,0.6197,-0.21,0.025,4.19,52737.0,3236279.352,0.596,0.621,0.593,0.596,4.7,6.27,2.91,46.56,34634.0,18103.0,533497.0,16.48,92806.0,2.87,440691.0,13.62,-224328.0,-6.93,-309171.0,-9.55,-648.0,0.621,0.622,84147787.0,52255776,52255776,2026-07-15,2026-07-15 15:34:48+08:00
520930,恒生生物科技ETF国泰,0.924,0.9191,-0.53,0.037,4.17,1409739.0,130044773.0,0.862,0.962,0.862,0.887,11.27,111.24,1.15,-10.33,792949.0,616790.0,-1742500.0,-1.34,-655715.0,-0.5,-1086785.0,-0.84,1126900.0,0.87,615599.0,0.47,-1244.0,0.923,0.924,126733000.0,117101292,117101292,2026-07-15,2026-07-15 16:11:33+08:00
159217,港股通创新药ETF工银,1.198,1.1901,-0.66,0.048,4.17,17336360.0,2085900709.008,1.15,1.228,1.15,1.15,6.78,32.54,1.34,-88.77,8104997.0,9231363.0,-175278192.0,-8.4,-229488992.0,-11.0,54210800.0,2.6,93901488.0,4.5,81376685.0,3.9,16718.0,1.197,1.198,5327157504.0,6381934690,6381934690,2026-07-15,2026-07-15 15:34:06+08:00
513120,港股创新药ETF广发,1.223,1.2192,-0.31,0.049,4.17,132845538.0,16271927990.0,1.174,1.252,1.173,1.174,6.73,57.53,1.57,-54.21,69383383.0,63462155.0,384451584.0,2.36,127661824.0,0.78,256789760.0,1.58,-216561904.0,-1.33,-167889840.0,-1.03,-422492.0,1.223,1.224,23090135296.0,28239235467,28239235467,2026-07-15,2026-07-15 16:11:34+08:00
560680,消费ETF广发,0.724,0.7226,-0.19,0.029,4.17,317092.0,22571960.0,0.69,0.726,0.69,0.695,5.18,9.76,1.84,-5.56,214657.0,102435.0,-194866.0,-0.86,-463576.0,-2.05,268710.0,1.19,533261.0,2.36,-338396.0,-1.5,-3261.0,0.723,0.724,324725600.0,235101334,235101334,2026-07-15,2026-07-15 16:11:33+08:00
159858,创新药ETF南方,0.732,0.7282,-0.52,0.029,4.13,957905.0,70063842.3,0.695,0.748,0.695,0.703,7.54,10.0,1.25,34.58,528960.0,428945.0,4368703.0,6.24,3307653.0,4.72,1061050.0,1.51,-3002806.0,-4.29,-1365896.0,-1.95,-7322.0,0.732,0.733,958098320.0,701327970,701327970,2026-07-15,2026-07-15 15:34:36+08:00
513930,恒生生物科技ETF华泰柏瑞,0.989,0.9866,-0.24,0.039,4.11,2227124.0,220685302.0,0.944,1.01,0.944,0.95,6.95,237.16,0.98,-13.62,1117445.0,1109679.0,409244.0,0.19,-950248.0,-0.43,1359492.0,0.62,12158.0,0.01,-421401.0,-0.19,-698.0,0.988,0.989,93908000.0,92875012,92875012,2026-07-15,2026-07-15 16:11:57+08:00
515120,创新药ETF广发,0.684,0.6799,-0.6,0.027,4.11,27761547.0,1897284431.0,0.654,0.699,0.651,0.657,7.31,14.88,1.86,9.22,15296406.0,12465141.0,209055280.0,11.02,285554144.0,15.05,-76498864.0,-4.03,-147909184.0,-7.8,-61146107.0,-3.22,-183580.0,0.684,0.685,18650993664.0,12757279666,12757279666,2026-07-15,2026-07-15 16:11:42+08:00
560260,医疗ETF广发,0.837,0.8366,-0.05,0.033,4.1,148680.0,12398596.0,0.799,0.846,0.799,0.804,5.85,0.79,1.29,-15.49,83034.0,65646.0,784998.0,6.33,791113.0,6.38,-6115.0,-0.05,-8688.0,-0.07,-776310.0,-6.26,-1331.0,0.837,0.838,1883664704.0,1576627357,1576627357,2026-07-15,2026-07-15 16:11:44+08:00
159169,恒生生物科技ETF广发,0.943,0.9409,-0.22,0.037,4.08,805206.0,75752638.431,0.905,0.961,0.896,0.906,7.17,44.76,0.89,7.39,392911.0,412295.0,3893276.0,5.14,2913489.0,3.85,979787.0,1.29,-2176315.0,-2.87,-1716961.0,-2.27,383.0,0.941,0.943,179874485.0,169621639,169621639,2026-07-15,2026-07-15 15:34:21+08:00
512170,医疗ETF华宝,0.332,0.3327,0.21,0.013,4.08,45746932.0,1510140184.0,0.319,0.336,0.318,0.319,5.64,5.52,1.86,-42.46,26847761.0,18899171.0,242741844.0,16.07,471943344.0,31.25,-229201500.0,-15.18,-188540828.0,-12.48,-54201023.0,-3.59,-253914.0,0.332,0.333,82815819776.0,27494852166,27494852166,2026-07-15,2026-07-15 16:11:34+08:00
515170,食品饮料ETF华夏,0.459,0.4586,-0.09,0.018,4.08,3283380.0,148477088.0,0.439,0.46,0.437,0.441,5.22,3.59,1.65,-30.28,2221697.0,1061683.0,28264890.0,19.04,40760930.0,27.45,-12496040.0,-8.42,-19045283.0,-12.83,-9219608.0,-6.21,-18495.0,0.458,0.459,9136758016.0,4193771929,4193771929,2026-07-15,2026-07-15 16:11:56+08:00
512980,传媒ETF广发,0.816,0.8139,-0.26,0.032,4.08,3230645.0,260191352.0,0.782,0.82,0.78,0.784,5.1,7.28,0.99,-24.76,1868269.0,1362377.0,32075665.0,12.33,60423009.0,23.22,-28347344.0,-10.89,-17658655.0,-6.79,-14417011.0,-5.54,-19305.0,0.815,0.816,4439924480.0,3622978376,3622978376,2026-07-15,2026-07-15 16:11:51+08:00
159748,创新药ETF富国,0.819,0.8148,-0.52,0.032,4.07,3598100.0,293965580.88,0.784,0.835,0.78,0.787,6.99,19.52,1.62,65.74,1850122.0,1747977.0,25245685.0,8.59,29105601.0,9.9,-3859916.0,-1.31,-14899055.0,-5.07,-10346630.0,-3.52,-26261.0,0.819,0.82,1843692128.0,1509983853,1509983853,2026-07-15,2026-07-15 15:34:15+08:00
159862,食品饮料ETF银华,0.537,0.5381,0.2,0.021,4.07,207925.0,11014532.1,0.512,0.538,0.512,0.516,5.04,6.03,6.54,11.69,141483.0,66442.0,1377913.0,12.51,1995467.0,18.12,-617554.0,-5.61,-754046.0,-6.85,-623867.0,-5.66,-1278.0,0.537,0.538,345000624.0,185265335,185265335,2026-07-15,2026-07-15 15:34:39+08:00
520970,港股通创新药ETF嘉实,0.846,0.8462,0.02,0.033,4.06,2708265.0,229484381.0,0.815,0.865,0.812,0.813,6.52,20.65,1.43,-1.87,1386931.0,1321334.0,7418482.0,3.23,-1454041.0,-0.63,8872523.0,3.87,-5243010.0,-2.28,-2175471.0,-0.95,-2839.0,0.845,0.846,1311358000.0,1109408868,1109408868,2026-07-15,2026-07-15 16:11:50+08:00
516620,影视ETF国泰,0.82,0.82,0.0,0.032,4.06,565536.0,45966057.0,0.787,0.825,0.784,0.788,5.2,25.97,1.0,-5.54,362297.0,203239.0,5672845.0,12.34,4868061.0,10.59,804784.0,1.75,-3029269.0,-6.59,-2643577.0,-5.75,-2802.0,0.82,0.821,217767500.0,178569350,178569350,2026-07-15,2026-07-15 16:11:55+08:00
159828,医疗ETF国泰,0.413,0.4133,0.07,0.016,4.03,4767842.0,196648581.36,0.398,0.419,0.397,0.397,5.54,8.29,2.29,-3.52,3393605.0,1374237.0,24488684.0,12.45,18907532.0,9.61,5581152.0,2.84,-17604216.0,-8.95,-6884467.0,-3.5,19775.0,0.412,0.413,5749439488.0,2374518509,2374518509,2026-07-15,2026-07-15 15:34:21+08:00
516190,传媒ETF华夏,0.982,0.9822,0.02,0.038,4.03,167728.0,16283215.0,0.937,0.989,0.935,0.944,5.72,12.92,0.65,-1.96,109827.0,57901.0,1477601.0,9.07,661427.0,4.06,816174.0,5.01,-1716106.0,-10.54,238506.0,1.46,-616.0,0.982,0.983,129818500.0,127481767,127481767,2026-07-15,2026-07-15 16:11:33+08:00
515710,食品饮料ETF华宝,0.491,0.4906,-0.08,0.019,4.03,917794.0,44510971.0,0.471,0.491,0.469,0.472,4.66,3.72,1.71,-19.87,551689.0,366105.0,10472987.0,23.53,11005910.0,24.73,-532923.0,-1.2,-7355020.0,-16.52,-3117967.0,-7.0,-1263.0,0.49,0.491,2470099808.0,1212819006,1212819006,2026-07-15,2026-07-15 16:11:53+08:00
560900,创新药ETF摩根,0.984,0.9803,-0.38,0.038,4.02,589325.0,57919895.0,0.944,1.005,0.933,0.946,7.61,25.19,1.64,-38.45,306388.0,282937.0,4275906.0,7.38,2149767.0,3.71,2126139.0,3.67,-2206415.0,-3.81,-2069492.0,-3.57,-5568.0,0.984,0.985,233969100.0,230225594,230225594,2026-07-15,2026-07-15 16:12:01+08:00
159130,恒生生物科技ETF鹏华,0.887,0.8873,0.03,0.034,3.99,621238.0,55234010.202,0.852,0.907,0.851,0.853,6.57,25.95,2.06,-16.81,301573.0,319665.0,2797346.0,5.06,2982454.0,5.4,-185108.0,-0.34,-2495733.0,-4.52,-301613.0,-0.55,-180.0,0.887,0.888,239389466.0,212338456,212338456,2026-07-15,2026-07-15 15:34:09+08:00
159622,创新药ETF东财,1.151,1.1471,-0.34,0.044,3.97,3293015.0,378404843.125,1.105,1.177,1.101,1.107,6.87,22.92,1.59,-15.52,1737923.0,1555091.0,27872390.0,7.37,42906699.0,11.34,-15034309.0,-3.97,-14011944.0,-3.7,-13860446.0,-3.66,47035.0,1.15,1.151,1436603232.0,1653530320,1653530320,2026-07-15,2026-07-15 15:34:06+08:00
159847,医疗ETF易方达,0.394,0.3944,0.1,0.015,3.96,1606175.0,63080801.3,0.379,0.399,0.377,0.379,5.8,3.85,2.15,-42.48,909880.0,696295.0,10313748.0,16.35,16408404.0,26.01,-6094656.0,-9.66,-6620782.0,-10.5,-3692966.0,-5.85,-3467.0,0.394,0.395,4168825360.0,1642517192,1642517192,2026-07-15,2026-07-15 15:34:42+08:00
159570,港股通创新药ETF汇添富,1.474,1.4676,-0.44,0.056,3.95,41557359.0,6138064304.393,1.405,1.509,1.405,1.418,7.33,24.67,1.41,-8.71,21288660.0,20268699.0,-76305680.0,-1.24,-69008688.0,-1.12,-7296992.0,-0.12,48254592.0,0.79,28051088.0,0.46,157570.0,1.473,1.474,16843597056.0,24827462061,24827462061,2026-07-15,2026-07-15 15:34:51+08:00
588860,科创医药ETF工银,0.713,0.7122,-0.11,0.027,3.94,470934.0,33690495.0,0.687,0.732,0.682,0.686,7.29,12.24,1.73,-4.86,270058.0,200876.0,6055852.0,17.97,3054045.0,9.07,3001807.0,8.91,-3882564.0,-11.52,-2173287.0,-6.45,-1216.0,0.712,0.713,384889408.0,274426148,274426148,2026-07-15,2026-07-15 16:11:51+08:00
159805,传媒ETF鹏华,1.137,1.1356,-0.12,0.043,3.93,414599.0,46835157.384,1.094,1.148,1.094,1.094,4.94,16.33,1.28,-4.08,268921.0,145678.0,3701992.0,7.9,1242217.0,2.65,2459775.0,5.25,-1258846.0,-2.69,-2443147.0,-5.22,-4496.0,1.137,1.138,253952480.0,288743970,288743970,2026-07-15,2026-07-15 15:34:30+08:00
520700,港股通创新药ETF万家,1.512,1.5139,0.13,0.057,3.92,5525303.0,838068435.0,1.454,1.548,1.453,1.455,6.53,110.71,1.28,-52.0,2721664.0,2803638.0,27786227.0,3.32,24840067.0,2.96,2946160.0,0.35,-21051664.0,-2.51,-6734545.0,-0.8,-4525.0,1.511,1.512,499076000.0,754602912,754602912,2026-07-15,2026-07-15 16:11:36+08:00
159843,食品饮料ETF招商,0.533,0.5334,0.07,0.02,3.9,296028.0,15580303.996,0.51,0.533,0.508,0.513,4.87,4.54,1.84,-40.52,202101.0,93927.0,4976601.0,31.94,5038031.0,32.34,-61430.0,-0.39,-3465408.0,-22.24,-1511192.0,-9.7,758.0,0.531,0.533,652455136.0,347758587,347758587,2026-07-15,2026-07-15 15:34:48+08:00
516930,生物科技ETF民生加银,0.509,0.5069,-0.41,0.019,3.88,52297.0,2654940.0,0.496,0.518,0.494,0.49,4.9,4.66,1.79,4.31,28911.0,23386.0,676669.0,25.49,858358.0,32.33,-181689.0,-6.84,-477687.0,-17.99,-198983.0,-7.49,-100.0,0.507,0.508,112139600.0,57079056,57079056,2026-07-15,2026-07-15 16:11:41+08:00
159303,恒生医疗ETF大成,1.528,1.5307,0.18,0.057,3.87,2018020.0,308253442.334,1.468,1.586,1.468,1.471,8.02,212.44,1.24,-64.34,1020964.0,997056.0,3924014.0,1.27,3621568.0,1.17,302446.0,0.1,-6588994.0,-2.14,2664981.0,0.86,1897.0,1.527,1.528,94991693.0,145147307,145147307,2026-07-15,2026-07-15 15:34:18+08:00
512120,医药ETF华安,0.483,0.48,-0.63,0.018,3.87,647504.0,31123589.0,0.464,0.491,0.46,0.465,6.67,7.75,1.23,1.46,348955.0,298549.0,3623056.0,11.64,5337511.0,17.15,-1714455.0,-5.51,-2507295.0,-8.06,-1115760.0,-3.58,-4501.0,0.482,0.483,835241904.0,403421840,403421840,2026-07-15,2026-07-15 16:12:00+08:00
159992,创新药ETF银华,0.912,0.9093,-0.3,0.034,3.87,28621018.0,2611271423.471,0.874,0.933,0.87,0.878,7.18,13.93,1.9,45.5,15321964.0,13299054.0,464160880.0,17.78,689828496.0,26.42,-225667616.0,-8.64,-309263488.0,-11.84,-154897397.0,-5.93,99170.0,0.911,0.912,20545781248.0,18737752498,18737752498,2026-07-15,2026-07-15 15:34:36+08:00
159105,恒生生物科技ETF易方达,0.887,0.8847,-0.26,0.033,3.86,3706743.0,328399340.6,0.851,0.905,0.851,0.854,6.32,166.02,1.07,-27.88,1835415.0,1871328.0,4708252.0,1.43,-14758047.0,-4.49,19466299.0,5.93,-5741452.0,-1.75,1033200.0,0.31,-1163.0,0.887,0.888,223272984.0,198043137,198043137,2026-07-15,2026-07-15 15:34:36+08:00
159707,地产ETF华宝,0.457,0.4552,-0.4,0.017,3.86,1836638.0,83121973.3,0.44,0.458,0.437,0.44,4.77,15.72,1.08,-5.83,1187212.0,649426.0,5180942.0,6.23,6797195.0,8.18,-1616253.0,-1.94,-3645321.0,-4.39,-1535620.0,-1.85,7607.0,0.456,0.457,1168048208.0,533798031,533798031,2026-07-15,2026-07-15 15:34:39+08:00
159615,恒生生物科技ETF南方,1.077,1.0745,-0.23,0.04,3.86,2637853.0,283797982.7,1.038,1.098,1.038,1.037,5.79,51.92,1.08,-38.49,1295324.0,1342529.0,7548391.0,2.66,-6907628.0,-2.43,14456019.0,5.09,-5099893.0,-1.8,-2448497.0,-0.86,390.0,1.076,1.077,508054896.0,547175123,547175123,2026-07-15,2026-07-15 15:34:06+08:00
520760,恒生生物科技ETF摩根,0.92,0.9212,0.13,0.034,3.84,1202344.0,110725529.0,0.879,0.942,0.879,0.886,7.11,62.47,1.24,93.16,599646.0,602698.0,1204976.0,1.09,-4580911.0,-4.14,5785887.0,5.23,-1144358.0,-1.03,-60617.0,-0.05,-497.0,0.92,0.921,192466000.0,177068720,177068720,2026-07-15,2026-07-15 16:11:43+08:00
159286,港股通创新药ETF鹏华,0.76,0.759,-0.13,0.028,3.83,4405122.0,335659706.8,0.733,0.778,0.73,0.732,6.56,50.59,1.32,-23.83,2184772.0,2220350.0,18324458.0,5.46,-496247.0,-0.15,18820705.0,5.61,-12812109.0,-3.82,-5512349.0,-1.64,8827.0,0.759,0.76,870785408.0,661796910,661796910,2026-07-15,2026-07-15 15:34:57+08:00
159835,创新药ETF建信,0.707,0.7071,0.01,0.026,3.82,1004328.0,71174580.299,0.676,0.725,0.676,0.681,7.2,22.24,1.96,13.66,573389.0,430939.0,9495461.0,13.34,8482694.0,11.92,1012767.0,1.42,-5200836.0,-7.31,-4294625.0,-6.03,1137.0,0.706,0.707,451504144.0,319213430,319213430,2026-07-15,2026-07-15 15:34:36+08:00
516820,医疗创新ETF平安,0.353,0.3544,0.4,0.013,3.82,3626247.0,127366888.0,0.339,0.357,0.338,0.34,5.59,6.89,2.14,-24.52,2394678.0,1231569.0,16461100.0,12.92,38268171.0,30.05,-21807071.0,-17.12,-12078949.0,-9.48,-4382151.0,-3.44,-11737.0,0.352,0.353,5262415104.0,1857632532,1857632532,2026-07-15,2026-07-15 16:11:59+08:00
159838,医药50ETF博时,0.598,0.5981,0.02,0.022,3.82,344222.0,20581173.873,0.573,0.608,0.568,0.576,6.94,13.15,3.38,39.13,179938.0,164284.0,1364319.0,6.63,441542.0,2.15,922777.0,4.48,-478999.0,-2.33,-885321.0,-4.3,-917.0,0.598,0.599,261763462.0,156534550,156534550,2026-07-15,2026-07-15 15:34:42+08:00
513280,恒生生物科技ETF汇添富,1.06,1.0598,-0.02,0.039,3.82,2272460.0,241280462.0,1.015,1.082,1.015,1.021,6.56,56.94,1.21,-9.07,1135258.0,1137202.0,7973379.0,3.3,-12098855.0,-5.01,20072234.0,8.32,-5436148.0,-2.25,-2537231.0,-1.05,-1684.0,1.06,1.062,399114496.0,423061366,423061366,2026-07-15,2026-07-15 16:11:54+08:00
520880,港股通创新药ETF华宝,0.463,0.4635,0.11,0.017,3.81,24908909.0,1154795755.0,0.445,0.474,0.445,0.446,6.5,46.93,1.4,-25.35,12852490.0,12056419.0,49674144.0,4.3,114813744.0,9.94,-65139600.0,-5.64,-38731804.0,-3.35,-10942343.0,-0.95,-40617.0,0.462,0.463,5307618048.0,2457427156,2457427156,2026-07-15,2026-07-15 16:11:33+08:00
159768,房地产ETF银华,0.409,0.4082,-0.2,0.015,3.81,1299885.0,52566552.6,0.394,0.41,0.392,0.394,4.57,14.92,1.22,-0.79,735140.0,564745.0,2730658.0,5.19,4251483.0,8.09,-1520825.0,-2.89,-1975426.0,-3.76,-755232.0,-1.44,9015.0,0.408,0.409,871450304.0,356423174,356423174,2026-07-15,2026-07-15 15:34:21+08:00
517120,创新药ETF华泰柏瑞,0.735,0.7389,0.53,0.027,3.81,1097054.0,80916826.0,0.705,0.754,0.704,0.708,7.06,16.6,1.54,8.54,569151.0,527903.0,7269301.0,8.98,4862056.0,6.01,2407245.0,2.97,-5200829.0,-6.43,-2068473.0,-2.56,-7575.0,0.735,0.736,660966400.0,485810304,485810304,2026-07-15,2026-07-15 16:11:54+08:00
516060,创新药ETF工银,0.629,0.6278,-0.19,0.023,3.8,496082.0,31182487.0,0.6,0.643,0.592,0.606,8.42,14.84,1.81,1.22,294350.0,201732.0,2417577.0,7.75,1828036.0,5.86,589541.0,1.89,-1320469.0,-4.23,-1097108.0,-3.52,-1969.0,0.628,0.629,334237408.0,210235330,210235330,2026-07-15,2026-07-15 16:11:46+08:00
159928,消费ETF汇添富,0.656,0.6563,0.05,0.024,3.8,8846112.0,573410882.604,0.627,0.657,0.626,0.632,4.91,3.79,1.8,-58.77,5758395.0,3087717.0,66135797.0,11.53,64238512.0,11.2,1897285.0,0.33,-35078443.0,-6.12,-31057350.0,-5.42,-46599.0,0.656,0.657,23332628992.0,15306204619,15306204619,2026-07-15,2026-07-15 15:34:42+08:00
159137,港股通医疗ETF华宝,0.881,0.8812,0.02,0.032,3.77,1152853.0,101331677.24,0.847,0.895,0.84,0.849,6.48,66.78,0.99,-9.96,568171.0,584682.0,3992423.0,3.94,-4794865.0,-4.73,8787288.0,8.67,-2782483.0,-2.75,-1209940.0,-1.19,-117.0,0.881,0.882,172632607.0,152089327,152089327,2026-07-15,2026-07-15 15:34:15+08:00
159736,食品饮料ETF天弘,0.579,0.5802,0.21,0.021,3.76,567886.0,32545697.4,0.556,0.581,0.554,0.558,4.84,0.77,1.37,-44.71,324695.0,243191.0,3373520.0,10.37,1063782.0,3.27,2309738.0,7.1,-1902709.0,-5.85,-1470811.0,-4.52,-721.0,0.579,0.58,7380394496.0,4273248413,4273248413,2026-07-15,2026-07-15 15:34:18+08:00
515950,医药50ETF富国,0.968,0.9689,0.09,0.035,3.75,404198.0,38906617.0,0.923,0.982,0.921,0.933,6.54,6.72,2.16,-5.73,236160.0,168038.0,8274780.0,21.27,8997485.0,23.13,-722705.0,-1.86,-2442509.0,-6.28,-5832272.0,-14.99,-2132.0,0.968,0.969,601200608.0,581962189,581962189,2026-07-15,2026-07-15 16:11:50+08:00
159776,港股医药ETF银华,1.135,1.1338,-0.11,0.041,3.75,1210020.0,137610716.3,1.094,1.157,1.094,1.094,5.76,142.41,1.53,-15.47,603791.0,606229.0,-1384790.0,-1.01,-371806.0,-0.27,-1012984.0,-0.74,2227400.0,1.62,-842611.0,-0.61,-287.0,1.135,1.136,84968765.0,96439548,96439548,2026-07-15,2026-07-15 15:34:18+08:00
517380,创新药ETF天弘,0.83,0.8294,-0.07,0.03,3.75,1566936.0,130025692.0,0.8,0.848,0.795,0.8,6.63,5.98,1.42,50.79,881494.0,685442.0,18996745.0,14.61,10718067.0,8.24,8278678.0,6.37,-11592797.0,-8.92,-7403948.0,-5.69,-10354.0,0.83,0.831,2618326304.0,2173210832,2173210832,2026-07-15,2026-07-15 16:11:32+08:00
159132,恒生生物科技ETF富国,0.918,0.915,-0.33,0.033,3.73,1336540.0,122815187.4,0.884,0.939,0.883,0.885,6.33,96.88,1.16,-78.19,715484.0,621056.0,-3987464.0,-3.25,-682303.0,-0.56,-3305161.0,-2.69,3488741.0,2.84,498722.0,0.41,410.0,0.917,0.918,137963558.0,126650546,126650546,2026-07-15,2026-07-15 15:34:21+08:00
588700,科创医药ETF嘉实,1.066,1.0666,0.06,0.038,3.7,994036.0,106677337.0,1.029,1.098,1.025,1.028,7.1,19.29,1.15,10.2,586310.0,407726.0,15756053.0,14.77,6217091.0,5.83,9538962.0,8.94,-7079687.0,-6.64,-8676365.0,-8.13,-3491.0,1.066,1.067,515336208.0,549348398,549348398,2026-07-15,2026-07-15 16:11:36+08:00
512600,消费ETF嘉实,0.562,0.5596,-0.43,0.02,3.69,702650.0,38729230.0,0.541,0.563,0.536,0.542,4.98,4.45,2.56,-5.07,339718.0,362932.0,-624056.0,-1.61,738255.0,1.91,-1362311.0,-3.52,1455441.0,3.76,-831385.0,-2.15,-810.0,0.561,0.562,1580356096.0,888160126,888160126,2026-07-15,2026-07-15 16:11:50+08:00
520850,港股通医疗ETF易方达,0.817,0.819,0.24,0.029,3.68,438610.0,35764496.0,0.788,0.831,0.787,0.788,5.58,26.22,0.88,-4.17,204002.0,234608.0,1451450.0,4.06,-572073.0,-1.6,2023523.0,5.66,-932093.0,-2.61,-519356.0,-1.45,-223.0,0.817,0.819,167249600.0,136642923,136642923,2026-07-15,2026-07-15 16:11:43+08:00
513200,港股通医药ETF易方达,1.013,1.0138,0.08,0.036,3.68,5295087.0,537370481.0,0.976,1.034,0.975,0.977,6.04,56.13,1.28,5.64,2713347.0,2581740.0,8567252.0,1.59,-8082044.0,-1.5,16649296.0,3.1,-11576700.0,-2.15,3009446.0,0.56,-1809.0,1.013,1.014,943282096.0,955544763,955544763,2026-07-15,2026-07-15 16:11:42+08:00
510630,消费ETF华夏,0.791,0.7909,-0.01,0.028,3.67,821878.0,63961812.0,0.758,0.792,0.757,0.763,4.59,14.99,1.31,1.46,414437.0,407441.0,263138.0,0.41,3878795.0,6.06,-3615657.0,-5.65,-172766.0,-0.27,-90372.0,-0.14,-728.0,0.791,0.792,548361504.0,433753950,433753950,2026-07-15,2026-07-15 16:11:47+08:00
159718,港股医药ETF平安,0.85,0.8474,-0.31,0.03,3.66,1666809.0,141962253.4,0.817,0.869,0.817,0.82,6.34,76.17,1.48,4.88,923120.0,743689.0,1053556.0,0.74,1351716.0,0.95,-298160.0,-0.21,-22904.0,-0.02,-1030653.0,-0.73,1528.0,0.849,0.85,218832634.0,186007739,186007739,2026-07-15,2026-07-15 15:34:03+08:00
159567,港股创新药ETF银华,0.71,0.7096,-0.06,0.025,3.65,51581144.0,3679452993.704,0.688,0.728,0.685,0.685,6.28,46.9,1.44,-28.68,27363227.0,24217917.0,130304624.0,3.54,237154112.0,6.45,-106849488.0,-2.9,-95365472.0,-2.59,-34939153.0,-0.95,-126365.0,0.71,0.711,10998729728.0,7809098107,7809098107,2026-07-15,2026-07-15 15:34:24+08:00
513620,港股医疗ETF银华,0.997,1.001,0.4,0.035,3.64,786510.0,78527727.0,0.964,1.015,0.964,0.962,5.3,51.67,1.56,-33.45,445343.0,341167.0,8233483.0,10.48,3384333.0,4.31,4849150.0,6.18,-6697011.0,-8.53,-1536474.0,-1.96,-1017.0,0.997,0.998,152216000.0,151759352,151759352,2026-07-15,2026-07-15 16:11:46+08:00
159849,生物科技ETF招商,0.513,0.5117,-0.25,0.018,3.64,132400.0,6792824.636,0.494,0.523,0.494,0.495,5.86,7.64,1.61,-10.02,90233.0,42167.0,1547582.0,22.78,2479570.0,36.5,-931988.0,-13.72,-983485.0,-14.48,-564098.0,-8.3,90.0,0.512,0.513,173372396.0,88940039,88940039,2026-07-15,2026-07-15 15:34:51+08:00
159760,医疗健康ETF泰康,0.599,0.6015,0.42,0.021,3.63,65145.0,3921740.303,0.573,0.61,0.573,0.578,6.4,4.58,2.06,29.39,33684.0,31461.0,608127.0,15.51,904550.0,23.07,-296423.0,-7.56,-383109.0,-9.77,-225018.0,-5.74,-1271.0,0.597,0.6,142360223.0,85273774,85273774,2026-07-15,2026-07-15 15:34:24+08:00
159297,港股通创新药ETF南方,0.744,0.7418,-0.3,0.026,3.62,8095332.0,604162988.727,0.716,0.762,0.715,0.718,6.55,22.61,1.14,-12.25,4196349.0,3898982.0,14016623.0,2.32,18763967.0,3.11,-4747344.0,-0.79,-11092747.0,-1.84,-2923880.0,-0.48,-8180.0,0.744,0.745,3580418640.0,2663831468,2663831468,2026-07-15,2026-07-15 15:34:15+08:00
526010,港股通医疗ETF汇添富,0.944,0.9458,0.19,0.033,3.62,341859.0,32202241.0,0.911,0.959,0.911,0.911,5.27,40.48,0.95,-80.47,171081.0,170778.0,1752443.0,5.44,128886.0,0.4,1623557.0,5.04,-1085692.0,-3.37,-666751.0,-2.07,-108.0,0.943,0.944,84458000.0,79728352,79728352,2026-07-15,2026-07-15 16:11:51+08:00
159170,港股通互联网ETF永赢,0.858,0.8541,-0.46,0.03,3.62,1087261.0,91839388.742,0.832,0.858,0.826,0.828,3.86,27.69,0.9,21.05,543200.0,544061.0,3167044.0,3.45,3334753.0,3.63,-167709.0,-0.18,-2822444.0,-3.07,-344600.0,-0.38,1531.0,0.857,0.858,392638352.0,336883706,336883706,2026-07-15,2026-07-15 15:34:30+08:00
513700,港股通医药ETF鹏华,0.605,0.6045,-0.08,0.021,3.6,4446418.0,269040168.0,0.582,0.616,0.582,0.584,5.82,51.95,1.32,-12.93,2188238.0,2258180.0,11607025.0,4.31,19435972.0,7.22,-7828947.0,-2.91,-8739574.0,-3.25,-2867450.0,-1.07,-2536.0,0.604,0.605,855846000.0,517786830,517786830,2026-07-15,2026-07-15 16:12:01+08:00
520690,港股创新药ETF博时,0.75,0.7515,0.2,0.026,3.59,4647980.0,350004507.0,0.726,0.77,0.726,0.724,6.08,64.16,1.56,-27.74,2381375.0,2266605.0,14211532.0,4.06,-12566590.0,-3.59,26778122.0,7.65,-8983771.0,-2.57,-5227762.0,-1.49,-3456.0,0.75,0.751,724454000.0,543340500,543340500,2026-07-15,2026-07-15 16:11:47+08:00
513060,恒生医疗ETF博时,0.55,0.5515,0.27,0.019,3.58,27006145.0,1486355068.0,0.531,0.561,0.531,0.531,5.65,24.95,1.57,-37.99,13760879.0,13245266.0,49973328.0,3.36,71133248.0,4.79,-21159920.0,-1.42,-33577913.0,-2.26,-16395424.0,-1.1,-35597.0,0.549,0.55,10825393408.0,5953966374,5953966374,2026-07-15,2026-07-15 16:11:49+08:00
159102,港股通生物科技ETF华安,0.781,0.7817,0.09,0.027,3.58,2561831.0,200506061.368,0.765,0.799,0.755,0.754,5.84,34.29,1.53,20.84,1348705.0,1213126.0,-1221476.0,-0.61,3317329.0,1.65,-4538805.0,-2.26,-142384.0,-0.07,1363860.0,0.68,-653.0,0.781,0.782,747122000.0,583502282,583502282,2026-07-15,2026-07-15 15:34:39+08:00
517770,游戏传媒ETF浦银,0.898,0.8974,-0.07,0.031,3.58,82211.0,7316032.0,0.87,0.899,0.868,0.867,3.58,5.24,0.64,-13.81,48460.0,33751.0,1449858.0,19.82,0.0,0.0,1449858.0,19.82,-690574.0,-9.44,-759284.0,-10.38,-651.0,0.897,0.898,156947800.0,140939124,140939124,2026-07-15,2026-07-15 16:11:48+08:00
159167,港股通医疗ETF工银,0.87,0.8706,0.07,0.03,3.57,1139518.0,99201825.835,0.835,0.885,0.834,0.84,6.07,52.14,1.17,55.15,572462.0,567056.0,582897.0,0.59,-738110.0,-0.74,1321007.0,1.33,-729891.0,-0.74,146993.0,0.15,-6.0,0.87,0.871,218549164.0,190137773,190137773,2026-07-15,2026-07-15 15:34:24+08:00
516560,养老ETF华宝,0.756,0.7532,-0.37,0.026,3.56,106143.0,7934519.0,0.725,0.758,0.725,0.73,4.52,4.9,1.84,-7.16,75418.0,30725.0,1245060.0,15.69,811938.0,10.23,433122.0,5.46,240554.0,3.03,-1485614.0,-18.72,-3011.0,0.756,0.757,216758000.0,163869048,163869048,2026-07-15,2026-07-15 16:12:00+08:00
159366,港股医疗ETF永赢,1.313,1.3131,0.01,0.045,3.55,1764562.0,231701431.4,1.265,1.337,1.265,1.268,5.68,85.94,1.36,-49.96,859625.0,904937.0,-132945.0,-0.06,1224349.0,0.53,-1357294.0,-0.59,2212516.0,0.95,-2079571.0,-0.9,1759.0,1.312,1.313,205333072.0,269602324,269602324,2026-07-15,2026-07-15 15:34:45+08:00
516500,生物科技ETF华夏,0.643,0.6426,-0.06,0.022,3.54,392104.0,25202495.0,0.618,0.656,0.614,0.621,6.76,13.96,1.32,8.05,208440.0,183664.0,5183588.0,20.57,6115013.0,24.26,-931425.0,-3.7,-3261632.0,-12.94,-1921955.0,-7.63,-1867.0,0.642,0.643,280937200.0,180642620,180642620,2026-07-15,2026-07-15 16:11:47+08:00
515960,医药ETF嘉实,0.853,0.8509,-0.25,0.029,3.52,151081.0,12788267.0,0.824,0.863,0.816,0.824,5.7,6.02,1.15,-5.7,86738.0,64343.0,835452.0,6.53,-245848.0,-1.92,1081300.0,8.46,22095.0,0.17,-857548.0,-6.71,-95.0,0.852,0.853,250991900.0,214096091,214096091,2026-07-15,2026-07-15 16:11:36+08:00
159837,生物科技ETF易方达,0.503,0.501,-0.4,0.017,3.5,2266480.0,114239504.121,0.484,0.514,0.482,0.486,6.58,7.32,2.03,-67.8,1302141.0,964338.0,23563483.0,20.63,38018119.0,33.28,-14454636.0,-12.65,-17235595.0,-15.09,-6327888.0,-5.54,-3261.0,0.503,0.504,3096152832.0,1557364874,1557364874,2026-07-15,2026-07-15 15:34:24+08:00
159179,港股通互联网ETF工银,0.859,0.8557,-0.39,0.029,3.49,526958.0,44582956.9,0.822,0.861,0.822,0.83,4.7,52.75,0.88,11.73,269451.0,257507.0,1418718.0,3.18,534652.0,1.2,884066.0,1.98,-1290520.0,-2.89,-128197.0,-0.29,-256.0,0.859,0.86,99903568.0,85817165,85817165,2026-07-15,2026-07-15 15:34:27+08:00
515650,消费50ETF富国,1.039,1.0394,0.04,0.035,3.49,820638.0,84399124.0,1.0,1.041,0.997,1.004,4.38,2.67,1.9,-26.72,469369.0,351269.0,14796604.0,17.53,3191586.0,3.78,11605018.0,13.75,-5220061.0,-6.18,-9576544.0,-11.35,-3493.0,1.038,1.039,3075184000.0,3195116176,3195116176,2026-07-15,2026-07-15 16:11:58+08:00
520510,港股通医疗ETF华夏,0.861,0.8624,0.16,0.029,3.49,3625119.0,312104447.0,0.829,0.877,0.828,0.832,5.89,172.85,1.23,11.31,1818784.0,1806335.0,4778614.0,1.53,-4530400.0,-1.45,9309014.0,2.98,-4553615.0,-1.46,-225000.0,-0.07,-3060.0,0.859,0.861,209728000.0,180575808,180575808,2026-07-15,2026-07-15 16:11:53+08:00
159798,消费ETF易方达,0.835,0.8333,-0.2,0.028,3.47,200158.0,16501358.0,0.802,0.835,0.8,0.807,4.34,11.97,1.51,-30.97,112057.0,88101.0,715885.0,4.34,412009.0,2.5,303876.0,1.84,-332711.0,-2.02,-383175.0,-2.32,-1977.0,0.835,0.836,167245390.0,139649901,139649901,2026-07-15,2026-07-15 15:34:42+08:00
588130,科创医药ETF华夏,1.088,1.0906,0.24,0.036,3.42,666028.0,73104041.0,1.05,1.126,1.05,1.052,7.22,25.56,1.44,-10.78,361825.0,304203.0,-4976101.0,-6.81,-1756147.0,-2.4,-3219954.0,-4.4,5354528.0,7.32,-378428.0,-0.52,-9945.0,1.088,1.09,260582600.0,283513869,283513869,2026-07-15,2026-07-15 16:11:53+08:00
159670,消费50ETF国联安,0.849,0.8492,0.02,0.028,3.41,50088.0,4188950.5,0.819,0.849,0.819,0.821,3.65,8.68,2.14,14.32,27896.0,22192.0,413151.0,9.86,28332.0,0.68,384819.0,9.19,-224088.0,-5.35,-189062.0,-4.51,5.0,0.847,0.849,57706921.0,48993176,48993176,2026-07-15,2026-07-15 15:34:45+08:00
520790,港股通互联网ETF兴业,0.853,0.8499,-0.36,0.028,3.39,360096.0,30419130.0,0.828,0.855,0.825,0.825,3.64,8.53,0.61,-26.86,200749.0,159347.0,91018.0,0.3,-419796.0,-1.38,510814.0,1.68,66390.0,0.22,-157408.0,-0.52,-580.0,0.852,0.853,422075008.0,360029982,360029982,2026-07-15,2026-07-15 16:11:47+08:00
560320,食品ETF富国,0.92,0.9209,0.1,0.03,3.37,79457.0,7236946.0,0.89,0.921,0.89,0.89,3.48,5.25,1.2,13.34,60605.0,18852.0,-191949.0,-2.65,64886.0,0.9,-256835.0,-3.55,354711.0,4.9,-162761.0,-2.25,-1.0,0.918,0.92,151332000.0,139225440,139225440,2026-07-15,2026-07-15 16:11:40+08:00
510660,医药ETF华夏,2.556,2.5481,-0.31,0.083,3.36,122829.0,31356743.0,2.478,2.595,2.47,2.473,5.05,21.59,1.32,-67.78,62134.0,60695.0,-6283001.0,-20.04,8296.0,0.03,-6291297.0,-20.06,3472190.0,11.07,2810810.0,8.96,-193.0,2.556,2.557,56879700.0,145384513,145384513,2026-07-15,2026-07-15 16:11:36+08:00
159568,港股互联网ETF博时,1.173,1.1691,-0.33,0.038,3.35,1657308.0,191728224.5,1.147,1.175,1.131,1.135,3.88,49.49,0.99,-35.85,856111.0,801197.0,-1330263.0,-0.69,5921904.0,3.09,-7252167.0,-3.78,3582884.0,1.87,-2252620.0,-1.17,-4301.0,1.173,1.174,334857904.0,392788321,392788321,2026-07-15,2026-07-15 15:34:54+08:00
512290,生物医药ETF国泰,1.05,1.0498,-0.02,0.034,3.35,4057346.0,428256428.0,1.013,1.075,1.009,1.016,6.5,10.8,1.88,14.56,1856486.0,2200859.0,85834133.0,20.04,130089230.0,30.38,-44255097.0,-10.33,-51617245.0,-12.05,-34216888.0,-7.99,-9238.0,1.05,1.051,3756820704.0,3944661739,3944661739,2026-07-15,2026-07-15 16:11:35+08:00
513090,香港证券ETF易方达,1.856,1.8614,0.29,0.06,3.34,52715922.0,9668137257.0,1.799,1.869,1.797,1.796,4.01,50.65,1.56,-42.4,28688102.0,24027820.0,404009744.0,4.18,507816736.0,5.25,-103806992.0,-1.07,-247261200.0,-2.56,-156748544.0,-1.62,-220313.0,1.856,1.857,10406988032.0,19315369787,19315369787,2026-07-15,2026-07-15 16:11:55+08:00
510150,消费ETF招商,0.496,0.4965,0.1,0.016,3.33,1949937.0,96308709.0,0.48,0.501,0.478,0.48,4.79,6.57,3.16,12.22,1255690.0,694247.0,287136.0,0.3,-3754734.0,-3.9,4041870.0,4.2,2771801.0,2.88,-3058937.0,-3.18,-2461.0,0.495,0.496,2967178608.0,1471720590,1471720590,2026-07-15,2026-07-15 16:11:54+08:00
159938,医药ETF广发,0.66,0.6602,0.03,0.021,3.29,2814326.0,186252066.7,0.637,0.673,0.635,0.639,5.95,3.87,2.75,31.07,1307690.0,1506636.0,38638413.0,20.75,42696294.0,22.92,-4057881.0,-2.18,-16634672.0,-8.93,-22003741.0,-11.81,4184.0,0.659,0.66,7269567232.0,4797914373,4797914373,2026-07-15,2026-07-15 15:34:36+08:00
517990,沪港深医药ETF招商,0.882,0.8871,0.57,0.028,3.28,29906.0,2644074.0,0.855,0.9,0.855,0.854,5.27,5.75,0.54,9.83,13575.0,16331.0,899754.0,34.03,0.0,0.0,899754.0,34.03,-652244.0,-24.67,-247509.0,-9.36,-1.0,0.884,0.886,51987900.0,45853328,45853328,2026-07-15,2026-07-15 16:11:37+08:00
560420,食品ETF前海开源,0.913,0.9162,0.35,0.029,3.28,45074.0,4100645.0,0.887,0.916,0.887,0.884,3.28,3.05,1.42,-23.85,20127.0,24947.0,926321.0,22.59,1528697.0,37.28,-602376.0,-14.69,-558162.0,-13.61,-368160.0,-8.98,-40.0,0.913,0.914,147780200.0,134923323,134923323,2026-07-15,2026-07-15 16:11:52+08:00
159792,港股通互联网ETF富国,0.599,0.5951,-0.66,0.019,3.28,59266156.0,3511471474.71,0.583,0.601,0.575,0.58,4.48,9.03,0.83,-14.49,34124884.0,25141272.0,-81929248.0,-2.33,-314121088.0,-8.95,232191840.0,6.61,78544425.0,2.24,3384833.0,0.1,406311.0,0.598,0.599,65637855232.0,39317075284,39317075284,2026-07-15,2026-07-15 15:34:12+08:00
512010,医药ETF易方达,0.379,0.3797,0.18,0.012,3.27,37115212.0,1406423950.0,0.365,0.386,0.365,0.367,5.72,7.66,2.2,-8.26,22094939.0,15020273.0,214125898.0,15.22,429244064.0,30.52,-215118166.0,-15.3,-167350437.0,-11.9,-46775464.0,-3.33,-76161.0,0.379,0.38,48423694848.0,18352580347,18352580347,2026-07-15,2026-07-15 16:11:34+08:00
159557,恒生医疗ETF嘉实,1.394,1.4009,0.49,0.044,3.26,2248629.0,314580618.6,1.345,1.426,1.342,1.35,6.22,154.13,1.36,5.6,1102410.0,1146219.0,-4531943.0,-1.44,-1565653.0,-0.5,-2966290.0,-0.94,7478443.0,2.38,-2946501.0,-0.94,1495.0,1.393,1.394,145894955.0,203377567,203377567,2026-07-15,2026-07-15 15:34:45+08:00
159877,医疗ETF南方,0.51,0.5079,-0.41,0.016,3.24,49721.0,2519722.5,0.494,0.513,0.493,0.494,4.05,2.36,2.0,-0.26,19594.0,30127.0,67276.0,2.67,-123634.0,-4.91,190910.0,7.58,-46930.0,-1.86,-20347.0,-0.81,-2.0,0.51,0.511,210792292.0,107504069,107504069,2026-07-15,2026-07-15 15:34:18+08:00
516790,医疗ETF华泰柏瑞,0.512,0.5106,-0.27,0.016,3.23,179585.0,9158419.0,0.497,0.516,0.497,0.496,3.83,9.62,2.2,3.83,108356.0,71229.0,-192536.0,-2.1,-255653.0,-2.79,63117.0,0.69,221137.0,2.41,-28602.0,-0.31,-210.0,0.511,0.512,186582200.0,95530086,95530086,2026-07-15,2026-07-15 16:11:46+08:00
159891,医疗ETF建信,0.383,0.3812,-0.47,0.012,3.23,486629.0,18494855.1,0.374,0.385,0.371,0.371,3.77,13.98,1.3,-31.64,238860.0,247769.0,-751249.0,-4.06,-2033107.0,-10.99,1281858.0,6.93,751758.0,4.06,-508.0,0.0,966.0,0.381,0.383,348024832.0,133293511,133293511,2026-07-15,2026-07-15 15:34:00+08:00
513050,中概互联网ETF易方达,1.12,1.0882,-2.92,0.035,3.23,45350917.0,5017385767.0,1.09,1.127,1.075,1.085,4.79,13.58,1.29,39.63,25277247.0,20073670.0,-321108704.0,-6.4,-401346656.0,-8.0,80237952.0,1.6,269346288.0,5.37,51762419.0,1.03,-176818.0,1.119,1.12,33405432832.0,37414084772,37414084772,2026-07-15,2026-07-15 16:11:57+08:00
159793,线上消费ETF平安,0.803,0.8048,0.22,0.025,3.21,35983.0,2810827.7,0.778,0.805,0.775,0.778,3.86,9.05,2.38,16.16,33890.0,2093.0,-148562.0,-5.29,-559856.0,-19.92,411294.0,14.63,40517.0,1.44,108045.0,3.84,-10.0,0.803,0.804,39758908.0,31926403,31926403,2026-07-15,2026-07-15 15:34:24+08:00
159151,食品ETF华夏,0.906,0.9055,-0.06,0.028,3.19,200739.0,17997827.8,0.879,0.906,0.875,0.878,3.53,14.19,1.6,4.87,145736.0,55003.0,-145019.0,-0.81,-186103.0,-1.03,41084.0,0.23,485861.0,2.7,-340841.0,-1.89,-605.0,0.906,0.907,141451063.0,128154663,128154663,2026-07-15,2026-07-15 15:34:09+08:00
159892,恒生医药ETF华夏,0.748,0.7498,0.24,0.023,3.17,22901668.0,1719076024.006,0.722,0.765,0.722,0.725,5.93,34.49,1.26,-51.71,11547963.0,11353705.0,67661568.0,3.94,117930272.0,6.86,-50268704.0,-2.92,-46247407.0,-2.69,-21414165.0,-1.25,-47626.0,0.748,0.749,6639266048.0,4966171004,4966171004,2026-07-15,2026-07-15 15:34:03+08:00
516610,医疗设备ETF大成,0.426,0.4239,-0.5,0.013,3.15,286883.0,12178821.0,0.41,0.431,0.408,0.413,5.57,12.64,3.26,1.58,136088.0,150795.0,-1572530.0,-12.91,-3701699.0,-30.39,2129169.0,17.48,1122751.0,9.22,449780.0,3.69,-1538.0,0.425,0.426,226974800.0,96691265,96691265,2026-07-15,2026-07-15 16:11:51+08:00
159040,港股通互联网ETF鹏华,1.112,1.1177,0.51,0.034,3.15,93895.0,10378804.644,1.09,1.12,1.079,1.078,3.8,12.78,0.36,-22.14,51734.0,42162.0,1934.0,0.02,491989.0,4.74,-490055.0,-4.72,303938.0,2.93,-305872.0,-2.95,-549.0,1.112,1.113,73481087.0,81710969,81710969,2026-07-15,2026-07-15 15:34:42+08:00
159929,医药ETF汇添富,1.351,1.3499,-0.08,0.041,3.13,1883604.0,254337908.743,1.301,1.374,1.299,1.31,5.73,10.68,2.22,-71.32,1130718.0,752886.0,72126691.0,28.36,75122384.0,29.54,-2995693.0,-1.18,-42942284.0,-16.88,-29184408.0,-11.47,4520.0,1.35,1.351,1764204208.0,2383439885,2383439885,2026-07-15,2026-07-15 15:34:15+08:00
563850,食品ETF广发,0.93,0.9323,0.25,0.028,3.1,36801.0,3407107.0,0.895,0.933,0.893,0.902,4.43,4.25,2.16,2.6,18747.0,18054.0,387535.0,11.37,0.0,0.0,387535.0,11.37,-146724.0,-4.31,-240810.0,-7.07,-97.0,0.93,0.933,86681700.0,80613981,80613981,2026-07-15,2026-07-15 16:11:38+08:00
562600,医疗器械ETF华夏,0.768,0.7673,-0.09,0.023,3.09,579403.0,44391128.0,0.743,0.774,0.743,0.745,4.16,12.2,0.93,-2.48,334426.0,244977.0,-397582.0,-0.9,-1422042.0,-3.2,1024460.0,2.31,324236.0,0.73,73346.0,0.17,-265.0,0.768,0.769,474937408.0,364751929,364751929,2026-07-15,2026-07-15 16:11:46+08:00
561920,疫苗ETF招商,0.679,0.6775,-0.22,0.02,3.03,46818.0,3168587.0,0.656,0.689,0.656,0.659,5.01,9.82,2.53,2.68,28134.0,18684.0,154585.0,4.88,344636.0,10.88,-190051.0,-6.0,-164299.0,-5.19,9715.0,0.31,-11.0,0.676,0.679,47692000.0,32382868,32382868,2026-07-15,2026-07-15 16:12:00+08:00
513780,港股创新药ETF景顺,1.57,1.572,0.13,0.046,3.02,7244830.0,1144565777.0,1.52,1.608,1.52,1.524,5.77,42.08,1.48,-49.46,3599824.0,3645006.0,22166414.0,1.94,5917134.0,0.52,16249280.0,1.42,-16601632.0,-1.45,-5564786.0,-0.49,-15839.0,1.569,1.57,1721657008.0,2703001503,2703001503,2026-07-15,2026-07-15 16:11:38+08:00
159209,红利质量ETF招商,1.1,1.0982,-0.16,0.032,3.0,1155222.0,126161096.4,1.07,1.105,1.07,1.068,3.28,6.03,1.36,28.61,672941.0,482281.0,-5195829.0,-4.12,-11657210.0,-9.24,6461381.0,5.12,9249979.0,7.33,-4054151.0,-3.21,2286.0,1.099,1.1,1914635056.0,2106098562,2106098562,2026-07-15,2026-07-15 15:34:42+08:00
159873,医疗设备ETF天弘,0.517,0.5167,-0.06,0.015,2.99,512984.0,26493707.3,0.502,0.522,0.502,0.502,3.98,9.7,2.14,-74.29,353658.0,159326.0,5996616.0,22.63,9367397.0,35.36,-3370781.0,-12.72,-4476761.0,-16.9,-1519855.0,-5.74,-3280.0,0.517,0.518,528920000.0,273451640,273451640,2026-07-15,2026-07-15 15:34:18+08:00
159898,医疗器械ETF招商,0.485,0.4828,-0.46,0.014,2.97,525720.0,25388708.53,0.474,0.49,0.471,0.471,4.03,5.7,1.46,63.33,330638.0,195082.0,811653.0,3.2,2646369.0,10.42,-1834716.0,-7.23,-540258.0,-2.13,-271394.0,-1.07,1037.0,0.484,0.485,923098832.0,447702934,447702934,2026-07-15,2026-07-15 15:34:24+08:00
560130,食品ETF鹏华,0.903,0.9065,0.39,0.026,2.96,10915.0,975128.0,0.882,0.904,0.877,0.877,3.08,1.52,2.69,-30.79,8441.0,2474.0,-151044.0,-15.49,0.0,0.0,-151044.0,-15.49,169395.0,17.37,-18351.0,-1.88,-200.0,0.902,0.904,71776200.0,64813909,64813909,2026-07-15,2026-07-15 16:11:40+08:00
560160,食品ETF易方达,0.906,0.9081,0.23,0.026,2.95,30801.0,2761241.0,0.874,0.907,0.874,0.88,3.75,2.55,0.51,-2.44,21534.0,9267.0,408203.0,14.78,0.0,0.0,408203.0,14.78,-275671.0,-9.98,-132532.0,-4.8,-349.0,0.906,0.907,120706000.0,109359636,109359636,2026-07-15,2026-07-15 16:11:58+08:00
562050,药ETF华宝,1.015,1.0132,-0.18,0.029,2.94,505006.0,50925098.0,0.977,1.035,0.972,0.986,6.39,34.48,1.35,12.41,327679.0,177327.0,21173391.0,41.58,17241750.0,33.86,3931641.0,7.72,2258969.0,4.44,-23432360.0,-46.01,-1895.0,1.014,1.015,146468000.0,148665020,148665020,2026-07-15,2026-07-15 16:11:52+08:00
516130,消费龙头ETF华宝,0.672,0.672,0.0,0.019,2.91,154329.0,10246099.0,0.652,0.672,0.651,0.653,3.22,1.0,1.04,5.4,98627.0,55702.0,510326.0,4.98,487212.0,4.76,23114.0,0.23,-48571.0,-0.47,-461754.0,-4.51,-314.0,0.671,0.672,1547890000.0,1040182080,1040182080,2026-07-15,2026-07-15 16:11:48+08:00
159797,医疗器械ETF汇添富,0.672,0.6701,-0.28,0.019,2.91,212739.0,14269887.7,0.652,0.679,0.652,0.653,4.13,5.41,3.0,-25.35,120998.0,91741.0,-1078746.0,-7.56,-2385099.0,-16.71,1306353.0,9.15,1083332.0,7.59,-4586.0,-0.03,1677.0,0.671,0.672,392989248.0,264088775,264088775,2026-07-15,2026-07-15 15:34:42+08:00
562900,农业ETF易方达,0.675,0.6707,-0.64,0.019,2.9,297944.0,19919005.0,0.655,0.675,0.649,0.656,3.96,12.69,1.53,3.1,164456.0,133488.0,-385985.0,-1.94,-599110.0,-3.01,213125.0,1.07,936154.0,4.7,-550169.0,-2.76,-6935.0,0.674,0.675,234706300.0,158426753,158426753,2026-07-15,2026-07-15 16:11:48+08:00
159057,医疗器械ETF鹏华,1.003,1.0029,-0.01,0.028,2.87,265729.0,26693781.931,0.975,1.01,0.966,0.975,4.51,24.0,20.11,-91.84,168553.0,97176.0,3268249.0,12.24,1520145.0,5.69,1748104.0,6.55,-2935051.0,-11.0,-333198.0,-1.25,12.0,0.998,1.003,110715334.0,111047480,111047480,2026-07-15,2026-07-15 15:34:54+08:00
520630,港股通互联网ETF广发,0.683,0.6817,-0.19,0.019,2.86,307659.0,20719191.0,0.666,0.685,0.661,0.664,3.61,6.91,0.5,-24.05,167093.0,140566.0,425813.0,2.06,97059.0,0.47,328754.0,1.59,-227828.0,-1.1,-197985.0,-0.96,-80.0,0.682,0.683,445110000.0,304010130,304010130,2026-07-15,2026-07-15 16:11:49+08:00
513800,日本东证指数ETF南方,1.875,1.8447,-1.64,0.052,2.85,528862.0,97553326.0,1.835,1.875,1.821,1.823,2.96,5.05,1.41,97.91,352264.0,176598.0,-18004893.0,-18.46,-21793060.0,-22.34,3788167.0,3.88,18575599.0,19.04,-570705.0,-0.59,-16580.0,1.875,1.876,1047844400.0,1964708250,1964708250,2026-07-15,2026-07-15 16:11:45+08:00
159520,消费龙头ETF工银,0.906,0.9081,0.23,0.025,2.84,50428.0,4544236.7,0.878,0.91,0.878,0.881,3.63,3.21,1.63,-7.45,26499.0,23929.0,699914.0,15.4,-633613.0,-13.94,1333527.0,29.35,-136128.0,-3.0,-563785.0,-12.41,-171.0,0.908,0.909,157177649.0,142402950,142402950,2026-07-15,2026-07-15 15:34:24+08:00
159725,线上消费ETF工银,0.767,0.7651,-0.25,0.021,2.82,64982.0,4933931.7,0.74,0.771,0.732,0.746,5.23,5.44,0.72,-1.74,40399.0,24583.0,216124.0,4.38,283468.0,5.75,-67344.0,-1.36,414074.0,8.39,-630199.0,-12.77,-264.0,0.767,0.768,119424924.0,91598917,91598917,2026-07-15,2026-07-15 15:34:00+08:00
515460,红利质量ETF南方,0.874,0.8731,-0.1,0.024,2.82,202110.0,17484644.0,0.856,0.875,0.855,0.85,2.35,6.9,1.07,2.86,95397.0,106713.0,1114342.0,6.37,1878356.0,10.74,-764014.0,-4.37,-885101.0,-5.06,-229240.0,-1.31,-121.0,0.873,0.874,293091008.0,256161541,256161541,2026-07-15,2026-07-15 16:12:02+08:00
159502,标普生物科技ETF嘉实,1.611,1.5614,-3.18,0.044,2.81,3690376.0,587249165.639,1.562,1.623,1.559,1.567,4.08,32.82,1.06,-0.79,1981045.0,1709331.0,35605498.0,6.06,8603448.0,1.47,27002050.0,4.6,-21393051.0,-3.64,-14212446.0,-2.42,17991.0,1.61,1.611,1124323024.0,1811284392,1811284392,2026-07-15,2026-07-15 15:34:15+08:00
512070,证券保险ETF易方达,0.808,0.8074,-0.07,0.022,2.8,22878954.0,1830135834.0,0.789,0.814,0.785,0.786,3.69,12.63,3.25,-32.45,18301334.0,4577620.0,52096064.0,2.85,93791792.0,5.12,-41695728.0,-2.28,-27579014.0,-1.51,-24517059.0,-1.34,-53129.0,0.807,0.808,18111479808.0,14634075685,14634075685,2026-07-15,2026-07-15 16:11:53+08:00
159766,旅游ETF富国,0.552,0.5508,-0.22,0.015,2.79,3894578.0,212579834.935,0.532,0.554,0.532,0.537,4.1,6.94,1.19,-28.77,2545959.0,1348620.0,36431249.0,17.14,47147935.0,22.18,-10716686.0,-5.04,-24237943.0,-11.4,-12193305.0,-5.74,34977.0,0.551,0.552,5613140992.0,3098453828,3098453828,2026-07-15,2026-07-15 15:34:30+08:00
562860,疫苗ETF嘉实,0.665,0.6675,0.37,0.018,2.78,219532.0,14648007.0,0.64,0.678,0.64,0.647,5.87,6.63,0.96,5.76,132236.0,87296.0,790957.0,5.4,728065.0,4.97,62892.0,0.43,-283157.0,-1.93,-507801.0,-3.47,-254.0,0.665,0.666,330895008.0,220045180,220045180,2026-07-15,2026-07-15 16:11:44+08:00
159051,医疗器械ETF易方达,1.0,1.0004,0.04,0.027,2.77,360979.0,36245194.938,0.973,1.012,0.972,0.973,4.11,18.79,15.18,-50.61,282160.0,78820.0,5764343.0,15.9,434804.0,1.2,5329539.0,14.7,-4916886.0,-13.57,-847458.0,-2.34,-76.0,1.0,1.002,192117894.0,192117894,192117894,2026-07-15,2026-07-15 15:34:33+08:00
159825,农业ETF富国,0.705,0.7028,-0.31,0.019,2.77,1060333.0,74173412.9,0.682,0.706,0.68,0.686,3.79,4.65,0.85,-27.57,568122.0,492211.0,7908088.0,10.66,3636025.0,4.9,4272063.0,5.76,-4840815.0,-6.53,-3067273.0,-4.14,-7034.0,0.705,0.706,2281077408.0,1608159573,1608159573,2026-07-15,2026-07-15 15:34:57+08:00
159260,证券ETF博时,0.894,0.8928,-0.13,0.024,2.76,209202.0,18527710.895,0.866,0.899,0.866,0.87,3.79,1.83,1.1,38.59,128639.0,80563.0,2606088.0,14.07,4183548.0,22.58,-1577460.0,-8.51,-2004648.0,-10.82,-601441.0,-3.25,-1684.0,0.894,0.895,1143213584.0,1022032944,1022032944,2026-07-15,2026-07-15 15:34:15+08:00
159027,畜牧养殖ETF大成,0.897,0.8959,-0.12,0.024,2.75,71229.0,6349281.439,0.871,0.9,0.865,0.873,4.01,5.5,0.59,67.08,45566.0,25663.0,563593.0,8.88,365559.0,5.76,198034.0,3.12,-332406.0,-5.24,-231189.0,-3.64,300.0,0.895,0.897,129472283.0,116136638,116136638,2026-07-15,2026-07-15 15:34:30+08:00
562510,旅游ETF华夏,0.56,0.5597,-0.05,0.015,2.75,1074799.0,59629110.0,0.54,0.563,0.539,0.545,4.4,9.51,1.14,-10.3,726741.0,348058.0,4948878.0,8.3,2268389.0,3.8,2680489.0,4.5,-2359983.0,-3.96,-2588895.0,-4.34,-5856.0,0.559,0.56,1130095008.0,632853204,632853204,2026-07-15,2026-07-15 16:11:47+08:00
159023,养殖ETF万家,1.051,1.0526,0.15,0.028,2.74,126391.0,13279215.352,1.024,1.057,1.024,1.023,3.23,25.39,1.25,-90.97,64498.0,61893.0,1023512.0,7.71,0.0,0.0,1023512.0,7.71,-962738.0,-7.25,-60774.0,-0.46,-960.0,1.051,1.052,49777943.0,52316618,52316618,2026-07-15,2026-07-15 15:34:21+08:00
159007,养殖ETF华泰柏瑞,0.868,0.8666,-0.16,0.023,2.72,207489.0,17906516.262,0.845,0.871,0.835,0.845,4.26,10.61,0.92,-17.04,129711.0,77778.0,1073303.0,5.99,861838.0,4.81,211465.0,1.18,-567533.0,-3.17,-505769.0,-2.82,-260.0,0.868,0.869,195603274.0,169783642,169783642,2026-07-15,2026-07-15 15:34:15+08:00
560250,红利质量ETF富国,0.95,0.9493,-0.07,0.025,2.7,62756.0,5927530.0,0.925,0.95,0.925,0.925,2.7,2.25,1.13,-15.87,42934.0,19822.0,1861648.0,31.41,1593297.0,26.88,268351.0,4.53,-1503399.0,-25.36,-358248.0,-6.04,-52.0,0.948,0.95,278833008.0,264891358,264891358,2026-07-15,2026-07-15 16:11:36+08:00
562870,证券ETF嘉实,0.957,0.957,0.0,0.025,2.68,204180.0,19355845.0,0.932,0.964,0.932,0.932,3.43,3.53,0.86,-10.88,131676.0,72504.0,1917715.0,9.91,3770464.0,19.48,-1852749.0,-9.57,-654066.0,-3.38,-1263648.0,-6.53,-1514.0,0.956,0.957,578505200.0,553629476,553629476,2026-07-15,2026-07-15 16:11:54+08:00
159687,亚太精选ETF南方,1.837,1.7901,-2.62,0.048,2.68,2076573.0,380329608.572,1.83,1.849,1.82,1.789,1.62,12.4,0.79,-27.77,1125652.0,950921.0,9394171.0,2.47,-40522863.0,-10.65,49917034.0,13.12,10116176.0,2.66,-19510348.0,-5.13,12894.0,1.836,1.837,1674228656.0,3075558041,3075558041,2026-07-15,2026-07-15 15:34:45+08:00
516730,证券ETF浦银,1.035,1.0348,-0.02,0.027,2.68,40713.0,4173786.0,1.008,1.042,1.008,1.008,3.37,1.73,0.46,10.89,21715.0,18998.0,-148329.0,-3.55,1021687.0,24.48,-1170016.0,-28.03,605682.0,14.51,-457353.0,-10.96,-633.0,1.033,1.035,235880800.0,244136628,244136628,2026-07-15,2026-07-15 16:11:37+08:00
513040,港股通互联网ETF易方达,0.96,0.957,-0.31,0.025,2.67,9060192.0,862697449.0,0.945,0.967,0.93,0.935,3.96,14.08,0.76,10.81,4643453.0,4416739.0,-13332256.0,-1.55,-19440592.0,-2.25,6108336.0,0.71,5319148.0,0.62,8013085.0,0.93,-22364.0,0.96,0.962,6434341376.0,6176967721,6176967721,2026-07-15,2026-07-15 16:11:56+08:00
159842,券商ETF银华,1.077,1.076,-0.09,0.028,2.67,4378572.0,466258061.222,1.046,1.084,1.045,1.049,3.72,4.63,1.22,-48.91,2464817.0,1913755.0,50262838.0,10.78,72972839.0,15.65,-22710001.0,-4.87,-32472508.0,-6.96,-17790331.0,-3.82,20013.0,1.076,1.077,9455250688.0,10183304991,10183304991,2026-07-15,2026-07-15 15:34:03+08:00
159011,养殖ETF华安,1.045,1.0473,0.22,0.027,2.65,128193.0,13346965.498,1.02,1.052,1.018,1.018,3.34,28.17,0.96,-17.63,64628.0,63564.0,1467170.0,10.99,55553.0,0.42,1411617.0,10.58,-1392616.0,-10.43,-74554.0,-0.56,245.0,1.043,1.045,45505168.0,47552901,47552901,2026-07-15,2026-07-15 15:34:18+08:00
561470,畜牧养殖ETF天弘,1.015,1.0173,0.23,0.026,2.63,675714.0,68480045.0,0.989,1.022,0.989,0.989,3.34,47.61,2.91,-2.14,375304.0,300410.0,12409160.0,18.12,12831451.0,18.74,-422291.0,-0.62,-11312679.0,-16.52,-1096479.0,-1.6,-2071.0,1.013,1.015,141936000.0,144065040,144065040,2026-07-15,2026-07-15 16:11:54+08:00
159509,纳指科技ETF景顺,2.7,2.2673,-19.08,0.069,2.62,3018809.0,806642905.749,2.662,2.707,2.646,2.631,2.32,4.56,1.26,53.99,1696055.0,1322754.0,69645782.0,8.63,66163478.0,8.2,3482304.0,0.43,-22935201.0,-2.84,-46710582.0,-5.79,-60177.0,2.7,2.701,6621564160.0,17878223232,17878223232,2026-07-15,2026-07-15 15:34:18+08:00
159041,农业ETF鹏华,0.978,0.9796,0.16,0.025,2.62,65109.0,6372170.706,0.934,0.985,0.934,0.953,5.35,4.39,2.35,-57.3,50432.0,14677.0,949966.0,14.91,1766933.0,27.73,-816967.0,-12.82,-724697.0,-11.37,-225269.0,-3.54,18.0,0.976,0.978,148471832.0,145205452,145205452,2026-07-15,2026-07-15 15:34:45+08:00
517880,品牌消费ETF华泰柏瑞,0.75,0.7509,0.12,0.019,2.6,31166.0,2307903.0,0.731,0.75,0.725,0.731,3.42,5.84,1.06,0.13,20612.0,10554.0,-59108.0,-2.56,0.0,0.0,-59108.0,-2.56,-11875.0,-0.51,70984.0,3.08,-4.0,0.748,0.75,53337100.0,40002825,40002825,2026-07-15,2026-07-15 16:12:00+08:00
159692,证券ETF东财,1.269,1.2699,0.07,0.032,2.59,1436923.0,180756676.3,1.234,1.28,1.233,1.237,3.8,9.44,1.3,-23.93,786059.0,650864.0,14035739.0,7.76,15379529.0,8.51,-1343790.0,-0.74,-4931524.0,-2.73,-9104216.0,-5.04,-5612.0,1.269,1.27,1522455968.0,1931996623,1931996623,2026-07-15,2026-07-15 15:34:39+08:00
159883,医疗器械ETF永赢,0.436,0.4352,-0.18,0.011,2.59,4290530.0,186718792.512,0.424,0.44,0.422,0.425,4.24,4.57,1.84,-65.23,2683611.0,1606919.0,12228906.0,6.55,6491304.0,3.48,5737602.0,3.07,-9025228.0,-4.83,-3203678.0,-1.72,18760.0,0.435,0.436,9392037888.0,4094928519,4094928519,2026-07-15,2026-07-15 15:34:45+08:00
510200,上证券商ETF汇安,1.231,1.2328,0.15,0.031,2.58,66514.0,8139858.0,1.195,1.239,1.195,1.2,3.67,4.19,1.19,-25.78,41562.0,24952.0,654219.0,8.04,898713.0,11.04,-244494.0,-3.0,-107806.0,-1.32,-546415.0,-6.71,-262.0,1.231,1.233,158885500.0,195588051,195588051,2026-07-15,2026-07-15 16:11:55+08:00
512450,畜牧养殖ETF广发,0.882,0.882,0.0,0.022,2.56,86837.0,7622938.0,0.855,0.885,0.847,0.86,4.42,7.37,1.14,-10.83,47416.0,39421.0,1153498.0,15.13,701901.0,9.21,451597.0,5.92,-925147.0,-12.14,-228351.0,-3.0,-500.0,0.881,0.882,117867000.0,103958694,103958694,2026-07-15,2026-07-15 16:12:00+08:00
516670,畜牧养殖ETF招商,0.601,0.6002,-0.13,0.015,2.56,828729.0,49494180.0,0.585,0.604,0.583,0.586,3.58,2.51,0.94,-8.39,479393.0,349336.0,3573804.0,7.22,4198917.0,8.48,-625113.0,-1.26,-1374653.0,-2.78,-2199150.0,-4.44,-6665.0,0.6,0.601,3295266304.0,1980455049,1980455049,2026-07-15,2026-07-15 16:11:38+08:00
159827,农业ETF银华,0.76,0.7587,-0.17,0.019,2.56,33989.0,2573700.3,0.738,0.762,0.738,0.741,3.24,3.75,0.98,-45.31,17232.0,16757.0,2729.0,0.11,406259.0,15.79,-403530.0,-15.68,188202.0,7.31,-190931.0,-7.42,194.0,0.758,0.76,90716463.0,68944512,68944512,2026-07-15,2026-07-15 15:34:06+08:00
159512,汽车ETF广发,1.05,1.0432,-0.65,0.026,2.54,75300.0,7857777.0,1.019,1.052,1.019,1.024,3.22,12.29,0.63,80.53,32982.0,42318.0,-81311.0,-1.03,543044.0,6.91,-624355.0,-7.95,-170931.0,-2.18,252242.0,3.21,576.0,1.048,1.05,61264855.0,64328098,64328098,2026-07-15,2026-07-15 15:34:27+08:00
159550,互联网ETF东财,0.809,0.8125,0.43,0.02,2.53,102834.0,8271058.156,0.789,0.815,0.784,0.789,3.93,5.42,0.96,-71.21,67673.0,35162.0,-132903.0,-1.61,764542.0,9.24,-897445.0,-10.85,409347.0,4.95,-276443.0,-3.34,-391.0,0.809,0.81,189828785.0,153571487,153571487,2026-07-15,2026-07-15 15:34:33+08:00
159008,证券ETF景顺,1.053,1.0566,0.34,0.026,2.53,147679.0,15499933.886,1.026,1.064,1.023,1.027,3.99,12.13,1.21,9.22,104292.0,43387.0,1787928.0,11.54,1230271.0,7.94,557657.0,3.6,-1137795.0,-7.34,-650133.0,-4.19,-1250.0,1.053,1.058,121784531.0,128239111,128239111,2026-07-15,2026-07-15 15:34:21+08:00
159016,证券ETF广发,1.055,1.0559,0.09,0.026,2.53,588066.0,61546680.812,1.026,1.065,1.024,1.029,3.98,16.73,1.41,21.59,345932.0,242133.0,5257425.0,8.54,5954483.0,9.67,-697058.0,-1.13,-2720908.0,-4.42,-2536517.0,-4.12,7624.0,1.054,1.055,351540160.0,370874869,370874869,2026-07-15,2026-07-15 15:34:21+08:00
159165,养殖ETF永赢,0.855,0.8552,0.02,0.021,2.52,105409.0,8950357.659,0.83,0.858,0.829,0.834,3.48,9.28,1.18,17.37,60936.0,44473.0,312015.0,3.49,-853000.0,-9.53,1165015.0,13.02,-107626.0,-1.2,-204389.0,-2.28,63.0,0.853,0.855,113571257.0,97103425,97103425,2026-07-15,2026-07-15 15:34:18+08:00
515010,证券ETF华夏,1.3,1.3002,0.02,0.032,2.52,769781.0,99091937.0,1.265,1.31,1.265,1.268,3.55,3.66,1.24,-9.86,414155.0,355626.0,6287352.0,6.34,-3805348.0,-3.84,10092700.0,10.19,-883095.0,-0.89,-5404257.0,-5.45,-3637.0,1.299,1.3,2101271600.0,2731653080,2731653080,2026-07-15,2026-07-15 16:11:59+08:00
560400,证券ETF华泰柏瑞,1.022,1.0223,0.03,0.025,2.51,249415.0,25191808.0,0.992,1.029,0.992,0.997,3.71,13.23,0.76,10.56,140662.0,108753.0,1273438.0,5.05,494163.0,1.96,779275.0,3.09,-772782.0,-3.07,-500657.0,-1.99,-385.0,1.021,1.022,188493000.0,192639846,192639846,2026-07-15,2026-07-15 16:11:35+08:00
159636,港股通科技30ETF工银,0.531,0.5308,-0.04,0.013,2.51,12211928.0,643669301.688,0.523,0.534,0.516,0.518,3.47,4.67,0.65,-29.29,6710043.0,5501885.0,7009906.0,1.09,-7313648.0,-1.14,14323554.0,2.23,-4265680.0,-0.66,-2744216.0,-0.43,27360.0,0.53,0.531,26152501248.0,13886978163,13886978163,2026-07-15,2026-07-15 15:34:33+08:00
159848,证券ETF国联安,0.899,0.9012,0.24,0.022,2.51,46880.0,4186159.8,0.878,0.907,0.877,0.877,3.42,3.1,0.93,-41.62,29484.0,17396.0,523736.0,12.51,1319532.0,31.52,-795796.0,-19.01,-149439.0,-3.57,-374295.0,-8.94,-25.0,0.899,0.9,151311239.0,136028804,136028804,2026-07-15,2026-07-15 15:34:45+08:00
159865,养殖ETF国泰,0.534,0.5334,-0.11,0.013,2.5,4958748.0,263525103.264,0.518,0.536,0.516,0.521,3.84,4.16,1.11,-27.06,2832482.0,2126266.0,29720441.0,11.28,39049318.0,14.82,-9328877.0,-3.54,-19729522.0,-7.49,-9990920.0,-3.79,35746.0,0.533,0.534,11924455680.0,6367659333,6367659333,2026-07-15,2026-07-15 15:34:09+08:00
159841,证券ETF天弘,1.024,1.0255,0.15,0.025,2.5,4234379.0,429801263.71,0.998,1.032,0.997,0.999,3.5,3.58,1.25,-56.54,2533577.0,1700802.0,109885881.0,25.57,85896978.0,19.99,23988903.0,5.58,-75270251.0,-17.51,-34615630.0,-8.05,-20920.0,1.024,1.025,11833638400.0,12117645722,12117645722,2026-07-15,2026-07-15 15:34:27+08:00
515560,证券ETF建信,1.037,1.0372,0.02,0.025,2.47,160053.0,16434812.0,1.013,1.043,1.012,1.012,3.06,8.21,1.12,0.66,79535.0,80518.0,1950261.0,11.87,1349654.0,8.21,600607.0,3.65,-1498609.0,-9.12,-451652.0,-2.75,-157.0,1.037,1.038,194883300.0,202093982,202093982,2026-07-15,2026-07-15 16:11:43+08:00
159056,医疗器械ETF富国,0.998,1.0007,0.27,0.024,2.46,317970.0,31890715.664,0.973,1.01,0.973,0.974,3.8,14.73,4.54,-25.42,197821.0,120150.0,8366015.0,26.23,10189430.0,31.95,-1823415.0,-5.72,-6900199.0,-21.64,-1465816.0,-4.6,-100.0,0.998,1.0,215934358.0,215502489,215502489,2026-07-15,2026-07-15 15:34:39+08:00
515630,证券保险ETF鹏华,1.297,1.2985,0.12,0.031,2.45,3141809.0,405856405.0,1.272,1.308,1.263,1.266,3.55,40.9,6.42,4.43,2739134.0,402675.0,13836689.0,3.41,95723467.0,23.59,-81886778.0,-20.18,-9869675.0,-2.43,-3967014.0,-0.98,-3104.0,1.297,1.298,768217696.0,996378352,996378352,2026-07-15,2026-07-15 16:11:39+08:00
159867,养殖ETF鹏华,0.544,0.5438,-0.04,0.013,2.45,781087.0,42208991.8,0.528,0.547,0.527,0.531,3.77,4.53,1.02,-43.36,435849.0,345238.0,3563579.0,8.44,4406089.0,10.44,-842510.0,-2.0,-1726449.0,-4.09,-1837131.0,-4.35,-5883.0,0.544,0.545,1724643600.0,938206118,938206118,2026-07-15,2026-07-15 15:34:12+08:00
513220,中概互联ETF招商,0.967,0.946,-2.22,0.023,2.44,632820.0,60464293.0,0.944,0.968,0.937,0.944,3.28,11.61,0.98,-34.34,345484.0,287336.0,2659811.0,4.4,2284005.0,3.78,375806.0,0.62,-705178.0,-1.17,-1954634.0,-3.23,-3385.0,0.967,0.968,545109408.0,527120798,527120798,2026-07-15,2026-07-15 16:11:53+08:00
159856,互联网龙头ETF工银,0.59,0.5913,0.22,0.014,2.43,62364.0,3653842.4,0.576,0.592,0.572,0.576,3.47,1.76,0.84,-10.6,38872.0,23492.0,-64355.0,-1.76,300036.0,8.21,-364391.0,-9.97,57984.0,1.59,6371.0,0.17,400.0,0.589,0.59,354372480.0,209079763,209079763,2026-07-15,2026-07-15 15:34:33+08:00
512570,证券ETF易方达,1.137,1.1372,0.02,0.027,2.43,2168631.0,244009949.0,1.105,1.146,1.105,1.11,3.69,5.37,1.11,-16.56,1208329.0,960302.0,27065085.0,11.09,14321766.0,5.87,12743319.0,5.22,-13534520.0,-5.55,-13530564.0,-5.55,-16254.0,1.137,1.138,4034806096.0,4587574531,4587574531,2026-07-15,2026-07-15 16:11:46+08:00
513720,港股互联网ETF国泰,0.675,0.6731,-0.28,0.016,2.43,372616.0,24764016.0,0.659,0.677,0.652,0.659,3.79,16.21,0.65,21.77,185994.0,186622.0,-32467.0,-0.13,-1674655.0,-6.76,1642188.0,6.63,9493.0,0.04,22974.0,0.09,-301.0,0.675,0.676,229859000.0,155154825,155154825,2026-07-15,2026-07-15 16:11:42+08:00
159993,证券ETF鹏华,1.228,1.2299,0.15,0.029,2.42,1402587.0,171089963.254,1.199,1.24,1.196,1.199,3.67,3.63,1.33,-45.63,836592.0,565995.0,8340816.0,4.88,12084820.0,7.06,-3744004.0,-2.19,-6879661.0,-4.02,-1461156.0,-0.85,8907.0,1.227,1.228,3861197984.0,4741551124,4741551124,2026-07-15,2026-07-15 15:34:03+08:00
516550,农业ETF嘉实,0.677,0.6759,-0.16,0.016,2.42,93785.0,6272797.0,0.66,0.678,0.659,0.661,2.87,3.9,0.73,-2.74,59811.0,33974.0,505196.0,8.05,-447849.0,-7.14,953045.0,15.19,-380892.0,-6.07,-124305.0,-1.98,-768.0,0.676,0.677,240414400.0,162760549,162760549,2026-07-15,2026-07-15 16:11:56+08:00
516810,农业ETF华夏,0.723,0.7226,-0.06,0.017,2.41,1161274.0,83443552.0,0.705,0.726,0.703,0.706,3.26,22.44,0.87,2.46,579334.0,581940.0,8222.0,0.01,1206092.0,1.45,-1197870.0,-1.44,284395.0,0.34,-292618.0,-0.35,-1087.0,0.722,0.723,517478896.0,374137242,374137242,2026-07-15,2026-07-15 16:11:58+08:00
517200,互联网ETF嘉实,0.594,0.5938,-0.03,0.014,2.41,52954.0,3122319.0,0.578,0.6,0.576,0.58,4.14,3.71,0.99,-8.19,18153.0,34801.0,337465.0,10.81,226616.0,7.26,110849.0,3.55,-212818.0,-6.82,-124648.0,-3.99,-100.0,0.593,0.594,142782000.0,84812508,84812508,2026-07-15,2026-07-15 16:12:00+08:00
159020,养殖ETF易方达,0.895,0.8955,0.06,0.021,2.4,168285.0,14997266.303,0.869,0.9,0.865,0.874,4.0,11.89,1.14,-75.85,107461.0,60824.0,1197699.0,7.99,-591092.0,-3.94,1788791.0,11.93,-884812.0,-5.9,-312886.0,-2.09,-732.0,0.895,0.896,141567082.0,126702538,126702538,2026-07-15,2026-07-15 15:34:24+08:00
515850,证券ETF富国,1.406,1.4075,0.11,0.033,2.4,514128.0,71647869.0,1.368,1.418,1.368,1.373,3.64,11.88,0.86,-7.57,263668.0,250460.0,4816026.0,6.72,7537324.0,10.52,-2721298.0,-3.8,-855485.0,-1.19,-3960541.0,-5.53,-2391.0,1.406,1.407,432791008.0,608504157,608504157,2026-07-15,2026-07-15 16:11:48+08:00
159728,在线消费ETF南方,0.771,0.7711,0.01,0.018,2.39,107906.0,8247224.8,0.749,0.777,0.745,0.753,4.25,24.57,1.2,26.75,53120.0,54786.0,-165705.0,-2.01,751156.0,9.11,-916861.0,-11.12,183108.0,2.22,-17403.0,-0.21,-13.0,0.771,0.772,43910129.0,33854709,33854709,2026-07-15,2026-07-15 15:34:12+08:00
513330,恒生互联网ETF华夏,0.387,0.3861,-0.23,0.009,2.38,87214584.0,3342032511.0,0.38,0.388,0.374,0.378,3.7,12.23,1.05,-14.49,49661640.0,37552945.0,21678544.0,0.65,-151307088.0,-4.53,172985632.0,5.18,-11359212.0,-0.34,-10319341.0,-0.31,-488929.0,0.386,0.387,71295479808.0,27591350686,27591350686,2026-07-15,2026-07-15 16:11:39+08:00
561080,全指现金流ETF华安,1.163,1.1589,-0.35,0.027,2.38,22898.0,2645593.0,1.136,1.17,1.136,1.136,2.99,9.07,1.35,0.33,10823.0,12075.0,585282.0,22.12,842461.0,31.84,-257179.0,-9.72,-470691.0,-17.79,-114592.0,-4.33,-3431.0,1.159,1.163,25250000.0,29365750,29365750,2026-07-15,2026-07-15 16:11:49+08:00
516200,证券ETF华安,1.08,1.0812,0.11,0.025,2.37,138921.0,14865258.0,1.055,1.089,1.051,1.055,3.6,3.29,1.21,-11.95,86197.0,52724.0,1121924.0,7.55,-1401039.0,-9.42,2522963.0,16.97,-876978.0,-5.9,-244946.0,-1.65,-73.0,1.08,1.081,422604000.0,456412320,456412320,2026-07-15,2026-07-15 16:11:52+08:00
512880,证券ETF国泰,1.13,1.131,0.09,0.026,2.36,29612314.0,3318140924.0,1.102,1.139,1.1,1.104,3.53,5.3,1.22,-12.64,17564063.0,12048252.0,365653632.0,11.02,378507984.0,11.41,-12854352.0,-0.39,-217618800.0,-6.56,-148034845.0,-4.46,-141970.0,1.13,1.131,55823291392.0,63080319273,63080319273,2026-07-15,2026-07-15 16:11:50+08:00
560210,农牧渔ETF景顺,0.781,0.7819,0.12,0.018,2.36,99690.0,7764104.0,0.76,0.786,0.76,0.763,3.41,1.83,1.13,-5.63,61131.0,38559.0,1122308.0,14.46,1423559.0,18.34,-301251.0,-3.88,-613798.0,-7.91,-508510.0,-6.55,30.0,0.78,0.781,545522000.0,426052682,426052682,2026-07-15,2026-07-15 16:12:00+08:00
159269,港股通科技ETF南方,0.867,0.865,-0.23,0.02,2.36,1344588.0,115829181.36,0.849,0.87,0.848,0.847,2.6,6.41,0.87,-3.57,692645.0,651943.0,2837913.0,2.45,-100127.0,-0.09,2938040.0,2.54,-1696593.0,-1.46,-1141320.0,-0.99,1216.0,0.866,0.867,2097311712.0,1818369254,1818369254,2026-07-15,2026-07-15 15:34:00+08:00
561430,红利质量ETF博时,1.007,1.0124,0.53,0.023,2.34,299063.0,30049176.0,0.998,1.015,0.991,0.984,2.44,24.98,9.23,-52.84,232947.0,66116.0,8084903.0,26.91,10558260.0,35.14,-2473357.0,-8.23,-7710259.0,-25.66,-374644.0,-1.25,-600.0,1.004,1.01,119723200.0,120561262,120561262,2026-07-15,2026-07-15 16:11:50+08:00
159729,互联网ETF汇添富,0.702,0.7047,0.38,0.016,2.33,8445.0,585324.0,0.676,0.703,0.676,0.686,3.94,1.26,0.52,-20.76,4346.0,4099.0,-65311.0,-11.16,0.0,0.0,-65311.0,-11.16,89288.0,15.25,-23978.0,-4.1,-129.0,0.702,0.703,66760633.0,46865964,46865964,2026-07-15,2026-07-15 15:34:06+08:00
159399,现金流ETF国泰,0.968,0.9668,-0.12,0.022,2.33,1336574.0,128314733.68,0.946,0.968,0.941,0.946,2.85,3.1,0.96,-8.43,754397.0,582176.0,3261018.0,2.54,5139606.0,4.01,-1878588.0,-1.46,3387.0,0.0,-3264405.0,-2.54,-7740.0,0.968,0.969,4311194880.0,4173236644,4173236644,2026-07-15,2026-07-15 15:34:09+08:00
516760,养殖ETF平安,0.574,0.5734,-0.1,0.013,2.32,190930.0,10884989.0,0.561,0.577,0.559,0.561,3.21,6.21,1.24,-6.63,91112.0,99818.0,1114976.0,10.24,1310550.0,12.04,-195574.0,-1.8,-599200.0,-5.5,-515776.0,-4.74,-4807.0,0.572,0.574,307215104.0,176341470,176341470,2026-07-15,2026-07-15 16:11:54+08:00
512900,证券ETF南方,1.117,1.1183,0.12,0.025,2.29,552785.0,61238076.0,1.091,1.127,1.088,1.092,3.57,0.73,0.91,-0.17,321034.0,231751.0,7660583.0,12.51,5156686.0,8.42,2503897.0,4.09,-3766544.0,-6.15,-3894039.0,-6.36,-1866.0,1.116,1.117,7523906048.0,8404203056,8404203056,2026-07-15,2026-07-15 16:11:50+08:00
561510,中药ETF华泰柏瑞,0.982,0.9791,-0.3,0.022,2.29,109277.0,10619872.0,0.935,0.989,0.935,0.96,5.63,14.93,1.71,3.34,51759.0,57518.0,140120.0,1.32,1970454.0,18.55,-1830334.0,-17.23,-60394.0,-0.57,-79727.0,-0.75,-2321.0,0.982,0.983,73206000.0,71888292,71888292,2026-07-15,2026-07-15 16:11:36+08:00
159173,农牧ETF南方,0.85,0.85,0.0,0.019,2.29,103141.0,8744820.807,0.83,0.854,0.829,0.831,3.01,18.94,1.13,-36.21,49778.0,53363.0,427543.0,4.89,286421.0,3.28,141122.0,1.61,-233011.0,-2.66,-194532.0,-2.22,-7.0,0.85,0.851,54455388.0,46287080,46287080,2026-07-15,2026-07-15 15:34:36+08:00
517050,互联网ETF华泰柏瑞,0.673,0.6734,0.06,0.015,2.28,31055.0,2066547.0,0.648,0.675,0.648,0.658,4.1,0.89,0.53,-6.56,18909.0,12146.0,298008.0,14.42,-221552.0,-10.72,519560.0,25.14,-184741.0,-8.94,-113267.0,-5.48,-20.0,0.672,0.673,347605008.0,233938170,233938170,2026-07-15,2026-07-15 16:11:46+08:00
560090,证券ETF汇添富,1.212,1.2136,0.13,0.027,2.28,1200485.0,144266771.0,1.181,1.222,1.181,1.185,3.46,5.15,1.09,-7.41,725744.0,474741.0,18652793.0,12.93,10461677.0,7.25,8191116.0,5.68,-11172129.0,-7.74,-7480664.0,-5.19,-4378.0,1.212,1.213,2330365008.0,2824402390,2824402390,2026-07-15,2026-07-15 16:11:37+08:00
512000,券商ETF华宝,0.54,0.5406,0.11,0.012,2.27,27141215.0,1455314175.0,0.527,0.545,0.526,0.528,3.6,3.62,1.07,-50.15,16637529.0,10503685.0,136904752.0,9.41,260975712.0,17.93,-124070960.0,-8.53,-97989609.0,-6.73,-38915140.0,-2.67,-107472.0,0.54,0.541,75018035200.0,40509739008,40509739008,2026-07-15,2026-07-15 16:11:42+08:00
516110,汽车ETF国泰,1.125,1.1223,-0.24,0.025,2.27,252412.0,28250816.0,1.106,1.129,1.1,1.1,2.64,10.76,0.76,-13.45,120916.0,131496.0,-923965.0,-3.27,648818.0,2.3,-1572783.0,-5.57,724806.0,2.57,199160.0,0.7,-1480.0,1.123,1.125,234623100.0,263950988,263950988,2026-07-15,2026-07-15 16:11:37+08:00
512620,农业ETF天弘,0.856,0.8555,-0.06,0.019,2.27,117061.0,9948063.0,0.838,0.859,0.832,0.837,3.23,0.85,0.37,14.48,64604.0,52457.0,481111.0,4.84,746231.0,7.5,-265120.0,-2.67,-198004.0,-1.99,-283107.0,-2.85,-18.0,0.856,0.857,1370666000.0,1173290096,1173290096,2026-07-15,2026-07-15 16:11:40+08:00
159125,港股通科技ETF招商,0.728,0.7287,0.1,0.016,2.25,835990.0,60646197.051,0.714,0.732,0.71,0.712,3.09,9.48,1.26,-66.49,343750.0,492240.0,1147570.0,1.89,-2449258.0,-4.04,3596828.0,5.93,-1628802.0,-2.69,481232.0,0.79,18.0,0.725,0.728,882245888.0,642275006,642275006,2026-07-15,2026-07-15 15:34:45+08:00
513320,港股通新经济ETF易方达,1.089,1.0893,0.03,0.024,2.25,204328.0,22079141.0,1.067,1.095,1.064,1.065,2.91,18.41,0.73,-0.45,108463.0,95865.0,1105674.0,5.01,764051.0,3.46,341623.0,1.55,-429828.0,-1.95,-675846.0,-3.06,-450.0,1.087,1.089,111010600.0,120890543,120890543,2026-07-15,2026-07-15 16:11:47+08:00
513750,港股通非银ETF广发,1.505,1.5025,-0.17,0.033,2.24,17251466.0,2587530278.0,1.493,1.526,1.474,1.472,3.53,18.55,3.62,-44.93,9206711.0,8044755.0,-150995120.0,-5.84,-41392112.0,-1.6,-109603008.0,-4.24,115016496.0,4.45,35978649.0,1.39,-20495.0,1.505,1.506,9299837952.0,13996256118,13996256118,2026-07-15,2026-07-15 16:11:43+08:00
516980,证券先锋ETF华富,1.095,1.0986,0.33,0.024,2.24,70651.0,7712102.0,1.071,1.106,1.068,1.071,3.55,10.31,1.57,-37.95,52027.0,18624.0,532037.0,6.9,-55892.0,-0.72,587929.0,7.62,-296675.0,-3.85,-235364.0,-3.05,-461.0,1.095,1.096,68516000.0,75025020,75025020,2026-07-15,2026-07-15 16:11:48+08:00
159172,养殖ETF汇添富,0.822,0.8224,0.05,0.018,2.24,167797.0,13733155.15,0.796,0.826,0.796,0.804,3.73,4.33,0.98,-20.75,99992.0,67805.0,2160096.0,15.73,743910.0,5.42,1416186.0,10.31,-1510323.0,-11.0,-649774.0,-4.73,-2142.0,0.822,0.823,387829296.0,318795681,318795681,2026-07-15,2026-07-15 15:34:09+08:00
560080,中药ETF汇添富,1.008,1.0064,-0.16,0.022,2.23,1720269.0,172057813.0,0.974,1.015,0.97,0.986,4.56,6.38,1.42,-23.78,868544.0,851725.0,15762252.0,9.16,12556499.0,7.3,3205753.0,1.86,-7001606.0,-4.07,-8760647.0,-5.09,-15220.0,1.008,1.009,2695265008.0,2716827128,2716827128,2026-07-15,2026-07-15 16:11:49+08:00
562390,中药ETF银华,0.919,0.9171,-0.21,0.02,2.22,233041.0,21178348.0,0.88,0.928,0.875,0.899,5.9,21.3,1.83,20.57,119716.0,113325.0,1697363.0,8.01,2933158.0,13.85,-1235795.0,-5.84,-1778784.0,-8.4,81422.0,0.38,-989.0,0.918,0.919,109429000.0,100565251,100565251,2026-07-15,2026-07-15 16:11:42+08:00
159940,金融地产ETF广发,1.195,1.1945,-0.04,0.026,2.22,52926.0,6273327.1,1.176,1.197,1.169,1.169,2.4,1.22,1.02,17.75,44345.0,8581.0,413537.0,6.59,1248067.0,19.89,-834530.0,-13.3,-215304.0,-3.43,-198232.0,-3.16,20.0,1.189,1.195,434059984.0,518701681,518701681,2026-07-15,2026-07-15 15:34:54+08:00
159688,恒生互联网ETF华安,0.787,0.7876,0.08,0.017,2.21,2572702.0,199892639.246,0.772,0.789,0.761,0.77,3.64,18.63,1.02,14.54,1365178.0,1207524.0,5328922.0,2.67,-4513478.0,-2.26,9842400.0,4.92,-3742500.0,-1.87,-1586421.0,-0.79,7709.0,0.786,0.787,1381278480.0,1087066164,1087066164,2026-07-15,2026-07-15 15:34:54+08:00
512640,金融地产ETF嘉实,2.32,2.319,-0.04,0.05,2.2,12579.0,2881717.0,2.273,2.327,2.272,2.27,2.42,5.79,0.44,-18.95,6333.0,6246.0,-36018.0,-1.25,0.0,0.0,-36018.0,-1.25,41460.0,1.44,-5442.0,-0.19,1.0,2.315,2.32,21740900.0,50438888,50438888,2026-07-15,2026-07-15 16:11:36+08:00
560120,中证500现金流ETF华夏,1.164,1.1639,-0.01,0.025,2.19,155456.0,17944563.0,1.134,1.164,1.133,1.139,2.72,2.65,0.95,2.83,78283.0,77173.0,1118642.0,6.23,-559779.0,-3.12,1678421.0,9.35,-723601.0,-4.03,-395041.0,-2.2,-109.0,1.163,1.164,585689008.0,681742005,681742005,2026-07-15,2026-07-15 16:11:59+08:00
520910,港股通互联网ETF华夏,0.652,0.6515,-0.08,0.014,2.19,1018118.0,65605952.0,0.64,0.654,0.63,0.638,3.76,13.57,0.8,-33.01,522406.0,495712.0,3151711.0,4.8,-1937008.0,-2.95,5088719.0,7.76,-2864470.0,-4.37,-287241.0,-0.44,-1000.0,0.65,0.652,750445008.0,489290145,489290145,2026-07-15,2026-07-15 16:11:41+08:00
513900,港股通100ETF华安,0.979,0.9833,0.44,0.021,2.19,213825.0,20779751.0,0.962,0.979,0.961,0.958,1.88,18.76,1.19,13.48,108655.0,105170.0,901022.0,4.34,30486.0,0.15,870536.0,4.19,-682440.0,-3.28,-218581.0,-1.05,-462.0,0.976,0.979,113978000.0,111584462,111584462,2026-07-15,2026-07-15 16:11:57+08:00
159280,港股通互联网ETF汇添富,0.703,0.702,-0.14,0.015,2.18,301143.0,20935448.2,0.691,0.706,0.681,0.688,3.63,30.51,0.86,-36.15,159663.0,141480.0,614372.0,2.93,-830375.0,-3.97,1444747.0,6.9,-254520.0,-1.22,-359851.0,-1.72,-100.0,0.703,0.704,98717171.0,69398171,69398171,2026-07-15,2026-07-15 15:34:06+08:00
516600,消费服务ETF工银,0.61,0.6105,0.08,0.013,2.18,47941.0,2898781.0,0.597,0.612,0.597,0.597,2.51,4.12,1.09,3.38,29032.0,18909.0,-39414.0,-1.36,47758.0,1.65,-87172.0,-3.01,41055.0,1.42,-1642.0,-0.06,-197.0,0.609,0.61,116332100.0,70962581,70962581,2026-07-15,2026-07-15 16:11:48+08:00
159647,中药ETF鹏华,0.937,0.9348,-0.24,0.02,2.18,693345.0,64478761.9,0.904,0.942,0.9,0.917,4.58,4.47,1.64,20.83,398394.0,294951.0,5642395.0,8.75,3258331.0,5.05,2384064.0,3.7,-2298153.0,-3.56,-3344242.0,-5.19,3944.0,0.936,0.937,1549461760.0,1451845669,1451845669,2026-07-15,2026-07-15 15:34:12+08:00
563570,金融科技ETF兴业,0.702,0.698,-0.57,0.015,2.18,152154.0,10575718.0,0.687,0.709,0.682,0.687,3.93,13.66,0.88,-1.16,83329.0,68825.0,30562.0,0.29,912549.0,8.63,-881987.0,-8.34,-5262.0,-0.05,-25300.0,-0.24,-55.0,0.7,0.702,111374000.0,78184548,78184548,2026-07-15,2026-07-15 16:12:02+08:00
513520,日经ETF华夏,2.35,2.2419,-4.82,0.05,2.17,2253771.0,523353465.0,2.308,2.362,2.293,2.3,3.0,21.24,1.05,67.61,1181840.0,1071931.0,10807253.0,2.07,16138817.0,3.08,-5331564.0,-1.02,3157081.0,0.6,-13964334.0,-2.67,-18615.0,2.35,2.351,1060887200.0,2493084920,2493084920,2026-07-15,2026-07-15 16:11:55+08:00
520650,港股通互联网ETF南方,0.617,0.6157,-0.21,0.013,2.15,2292950.0,139776266.0,0.607,0.619,0.598,0.604,3.48,11.69,0.77,26.22,1161205.0,1131745.0,1818188.0,1.3,1642037.0,1.17,176151.0,0.13,-1767808.0,-1.26,-50380.0,-0.04,-283.0,0.616,0.617,1962255008.0,1210711340,1210711340,2026-07-15,2026-07-15 16:11:36+08:00
513560,香港科技ETF兴银,1.142,1.1425,0.04,0.024,2.15,613927.0,69777253.0,1.124,1.148,1.12,1.118,2.5,11.09,0.74,9.08,309874.0,304053.0,5838741.0,8.37,5368.0,0.01,5833373.0,8.36,-4476757.0,-6.42,-1361984.0,-1.95,-1156.0,1.14,1.142,553386000.0,631966812,631966812,2026-07-15,2026-07-15 16:11:54+08:00
510650,金融地产ETF华夏,2.818,2.8166,-0.05,0.059,2.14,312.0,87457.0,2.732,2.818,2.732,2.759,3.12,0.26,0.12,22.94,157.0,155.0,-60149.0,-68.78,281.0,0.32,-60430.0,-69.1,826.0,0.94,59322.0,67.83,11.0,2.816,2.818,11952500.0,33682145,33682145,2026-07-15,2026-07-15 16:11:49+08:00
560370,红利质量ETF易方达,0.86,0.862,0.23,0.018,2.14,30317.0,2587887.0,0.841,0.864,0.84,0.842,2.85,2.52,0.79,-22.43,18632.0,11685.0,-104765.0,-4.05,0.0,0.0,-104765.0,-4.05,56065.0,2.17,48700.0,1.88,-500.0,0.86,0.861,120084000.0,103272240,103272240,2026-07-15,2026-07-15 16:11:55+08:00
159758,红利质量ETF华夏,1.101,1.1001,-0.08,0.023,2.13,458199.0,50147553.848,1.078,1.102,1.076,1.078,2.41,3.23,0.72,-24.08,287391.0,170808.0,-110607.0,-0.22,735520.0,1.47,-846127.0,-1.69,759681.0,1.51,-649076.0,-1.29,-635.0,1.101,1.102,1420290784.0,1563740153,1563740153,2026-07-15,2026-07-15 15:34:51+08:00
159042,价值ETF汇添富,0.971,0.97,-0.1,0.02,2.1,75396.0,7288221.566,0.958,0.972,0.953,0.951,2.0,4.17,1.58,-8.59,49352.0,26044.0,1355198.0,18.59,-639833.0,-8.78,1995031.0,27.37,-1178939.0,-16.18,-176257.0,-2.42,8.0,0.969,0.971,180801105.0,175557873,175557873,2026-07-15,2026-07-15 15:34:27+08:00
159251,港股通科技ETF万家,0.782,0.7817,-0.04,0.016,2.09,178928.0,13938877.1,0.769,0.787,0.763,0.766,3.13,7.43,0.69,16.09,95476.0,83452.0,1026631.0,7.37,0.0,0.0,1026631.0,7.37,-763060.0,-5.47,-263571.0,-1.89,-200.0,0.782,0.783,240787744.0,188296016,188296016,2026-07-15,2026-07-15 15:34:51+08:00
159851,金融科技ETF华宝,0.593,0.5926,-0.07,0.012,2.07,4215053.0,248785258.533,0.58,0.598,0.578,0.581,3.44,3.97,0.95,-27.26,2440446.0,1774607.0,25539501.0,10.27,38417263.0,15.44,-12877762.0,-5.18,-18909814.0,-7.6,-6629688.0,-2.66,25820.0,0.592,0.593,10610904064.0,6292266110,6292266110,2026-07-15,2026-07-15 15:34:54+08:00
159128,港股科技ETF天弘,0.738,0.7377,-0.04,0.015,2.07,1325133.0,97164572.586,0.73,0.742,0.72,0.723,3.04,6.8,0.81,-18.22,685674.0,639459.0,2392837.0,2.46,781230.0,0.8,1611607.0,1.66,-2024185.0,-2.08,-368652.0,-0.38,281.0,0.737,0.738,1947760848.0,1437447506,1437447506,2026-07-15,2026-07-15 15:34:48+08:00
159931,金融地产ETF汇添富,1.834,1.8371,0.17,0.037,2.06,2042.0,372987.3,1.779,1.842,1.779,1.797,3.51,1.08,1.33,56.95,776.0,1266.0,1020.0,0.27,0.0,0.0,1020.0,0.27,249406.0,66.87,-250427.0,-67.14,-6.0,1.827,1.836,18828511.0,34531489,34531489,2026-07-15,2026-07-15 15:34:51+08:00
513880,日经225ETF华安,2.194,2.0916,-4.9,0.044,2.05,1548058.0,336556414.0,2.155,2.204,2.151,2.15,2.47,12.09,1.25,42.81,826847.0,721212.0,23962293.0,7.12,12652193.0,3.76,11310100.0,3.36,-16094613.0,-4.78,-7867680.0,-2.34,-9758.0,2.194,2.195,1280970000.0,2810448180,2810448180,2026-07-15,2026-07-15 16:11:43+08:00
520670,港股通科技ETF嘉实,0.796,0.7966,0.08,0.016,2.05,403820.0,31873076.0,0.792,0.798,0.78,0.78,2.31,17.76,0.88,-20.38,199164.0,204656.0,1571864.0,4.93,-30851.0,-0.1,1602715.0,5.03,-1116707.0,-3.5,-455156.0,-1.43,-44.0,0.796,0.798,227428100.0,181032768,181032768,2026-07-15,2026-07-15 16:11:45+08:00
159751,港股通科技ETF鹏华,0.897,0.896,-0.11,0.018,2.05,673675.0,60028578.2,0.885,0.9,0.879,0.879,2.39,7.01,0.78,-67.32,359295.0,314380.0,2922634.0,4.87,1911778.0,3.18,1010856.0,1.68,-3302154.0,-5.5,379520.0,0.63,1396.0,0.896,0.897,960629632.0,861684780,861684780,2026-07-15,2026-07-15 15:34:15+08:00
159235,中证现金流ETF大成,1.194,1.1909,-0.26,0.024,2.05,435387.0,51659519.764,1.171,1.194,1.164,1.17,2.56,2.13,0.76,51.81,235346.0,200041.0,1587187.0,3.07,5306311.0,10.27,-3719124.0,-7.2,-1407886.0,-2.73,-179300.0,-0.35,84.0,1.193,1.194,2042729552.0,2439019085,2439019085,2026-07-15,2026-07-15 15:34:33+08:00
159229,自由现金流ETF广发,1.155,1.1515,-0.3,0.023,2.03,133677.0,15325613.1,1.132,1.155,1.128,1.132,2.39,9.54,1.03,8.98,69766.0,63911.0,-258557.0,-1.69,-318358.0,-2.08,59801.0,0.39,267720.0,1.75,-9163.0,-0.06,-94.0,1.155,1.158,140056022.0,161764705,161764705,2026-07-15,2026-07-15 15:34:54+08:00
159391,大盘价值ETF博时,1.062,1.0609,-0.1,0.021,2.02,15702.0,1647191.6,1.04,1.062,1.04,1.041,2.11,1.74,0.57,94.09,8894.0,6808.0,-134233.0,-8.15,0.0,0.0,-134233.0,-8.15,108553.0,6.59,25679.0,1.56,-3.0,1.062,1.063,90076398.0,95661135,95661135,2026-07-15,2026-07-15 15:34:06+08:00
159228,红利低波ETF长城,1.015,1.0127,-0.23,0.02,2.01,5381.0,539810.4,0.995,1.015,0.99,0.995,2.51,0.48,0.66,-27.89,2269.0,3112.0,134568.0,24.93,347198.0,64.32,-212630.0,-39.39,-55668.0,-10.31,-78901.0,-14.62,5.0,1.006,1.013,112212692.0,113895882,113895882,2026-07-15,2026-07-15 15:34:24+08:00
159021,大盘价值ETF华夏,0.966,0.9668,0.08,0.019,2.01,59113.0,5668396.731,0.946,0.967,0.946,0.947,2.22,3.27,1.49,-11.85,44256.0,14857.0,302418.0,5.34,1130803.0,19.95,-828385.0,-14.61,-99662.0,-1.76,-202756.0,-3.58,16.0,0.965,0.969,180907712.0,174756850,174756850,2026-07-15,2026-07-15 15:34:27+08:00
159037,价值ETF鹏华,0.967,0.9686,0.17,0.019,2.0,39002.0,3736185.35,0.951,0.97,0.95,0.948,2.11,2.72,1.31,-43.31,24922.0,14079.0,363979.0,9.74,-302846.0,-8.11,666825.0,17.85,-465990.0,-12.47,102010.0,2.73,200.0,0.966,0.967,143249832.0,138522588,138522588,2026-07-15,2026-07-15 15:34:39+08:00
515720,金融科技ETF富国,0.662,0.6623,0.05,0.013,2.0,153426.0,10105935.0,0.645,0.668,0.643,0.649,3.85,3.52,0.87,-26.94,93522.0,59904.0,783063.0,7.75,537214.0,5.32,245849.0,2.43,-758273.0,-7.5,-24791.0,-0.25,-946.0,0.661,0.662,435611008.0,288374487,288374487,2026-07-15,2026-07-15 16:11:57+08:00
516860,金融科技ETF博时,1.019,1.0205,0.15,0.02,2.0,534328.0,54210587.0,1.001,1.028,0.997,0.999,3.1,4.36,0.88,-16.76,321345.0,212983.0,7283543.0,13.44,3372826.0,6.22,3910717.0,7.21,-4071315.0,-7.51,-3212228.0,-5.93,-2957.0,1.019,1.02,1224522000.0,1247787918,1247787918,2026-07-15,2026-07-15 16:11:47+08:00
159275,农牧渔ETF华宝,0.821,0.8232,0.27,0.016,1.99,161052.0,13186198.5,0.798,0.827,0.797,0.805,3.73,6.09,0.95,-30.09,87159.0,73893.0,1268363.0,9.62,-468603.0,-3.55,1736966.0,13.17,-720908.0,-5.47,-547454.0,-4.15,-4.0,0.821,0.823,264302909.0,216992688,216992688,2026-07-15,2026-07-15 15:34:00+08:00
513290,纳指生物科技ETF汇添富,1.637,1.5988,-2.39,0.032,1.99,3261537.0,528293322.0,1.6,1.643,1.594,1.605,3.05,32.1,1.22,-17.13,1785527.0,1476010.0,-1187510.0,-0.22,2911294.0,0.55,-4098804.0,-0.78,-4380851.0,-0.83,5568362.0,1.05,-20245.0,1.636,1.637,1016072096.0,1663310021,1663310021,2026-07-15,2026-07-15 16:11:59+08:00
520530,港股通科技ETF东财,0.821,0.8223,0.16,0.016,1.99,635532.0,52007713.0,0.813,0.826,0.808,0.805,2.24,25.65,0.87,-9.17,333630.0,301902.0,4710190.0,9.06,2736862.0,5.26,1973328.0,3.79,-2602349.0,-5.0,-2107840.0,-4.05,-442.0,0.82,0.821,247776000.0,203424096,203424096,2026-07-15,2026-07-15 16:12:00+08:00
563780,现金流全指ETF方正富邦,1.176,1.1762,0.02,0.023,1.99,35571.0,4168670.0,1.157,1.18,1.154,1.153,2.25,1.08,0.46,27.58,14152.0,21419.0,359867.0,8.63,0.0,0.0,359867.0,8.63,-28722.0,-0.69,-331145.0,-7.94,-16.0,1.176,1.177,330027104.0,388111874,388111874,2026-07-15,2026-07-15 16:11:33+08:00
513150,港股通科技ETF华泰柏瑞,0.972,0.9729,0.09,0.019,1.99,1337148.0,129466542.0,0.959,0.979,0.955,0.953,2.52,126.67,0.79,10.12,660821.0,676327.0,2220597.0,1.72,-254982.0,-0.2,2475579.0,1.91,-1754755.0,-1.36,-465842.0,-0.36,-259.0,0.972,0.973,105559800.0,102604126,102604126,2026-07-15,2026-07-15 16:11:48+08:00
159188,红利100ETF景顺,0.928,0.9278,-0.02,0.018,1.98,14058.0,1298125.952,0.908,0.928,0.908,0.91,2.2,1.99,0.57,-20.18,9117.0,4941.0,108589.0,8.37,-462526.0,-35.63,571115.0,44.0,-67703.0,-5.22,-40885.0,-3.15,15.0,0.927,0.928,70601882.0,65518546,65518546,2026-07-15,2026-07-15 15:34:54+08:00
159617,中证500价值ETF华夏,1.342,1.3428,0.06,0.026,1.98,29311.0,3919095.2,1.308,1.342,1.308,1.316,2.58,9.96,0.82,62.85,13367.0,15944.0,219131.0,5.59,0.0,0.0,219131.0,5.59,-130417.0,-3.33,-88714.0,-2.26,1.0,1.337,1.342,29418382.0,39479469,39479469,2026-07-15,2026-07-15 15:34:03+08:00
513770,港股互联网ETF华宝,0.363,0.3641,0.3,0.007,1.97,19898715.0,719259800.0,0.358,0.367,0.353,0.356,3.93,13.86,0.7,-37.71,10287833.0,9610882.0,10800185.0,1.5,18478448.0,2.57,-7678263.0,-1.07,-8831652.0,-1.23,-1968533.0,-0.27,-134645.0,0.363,0.364,14359137792.0,5212367018,5212367018,2026-07-15,2026-07-15 16:11:35+08:00
159262,港股通科技ETF广发,0.885,0.885,0.0,0.017,1.96,7874450.0,691417200.068,0.879,0.886,0.867,0.868,2.19,13.27,0.57,29.37,3982158.0,3892292.0,12633488.0,1.83,16432112.0,2.38,-3798624.0,-0.55,-8794302.0,-1.27,-3839185.0,-0.56,8013.0,0.884,0.885,5932220416.0,5250015068,5250015068,2026-07-15,2026-07-15 15:34:57+08:00
159202,恒生互联网ETF万家,0.831,0.8307,-0.04,0.016,1.96,2737098.0,225053635.1,0.82,0.834,0.806,0.815,3.44,24.74,0.92,-26.46,1358678.0,1378420.0,2464144.0,1.09,-9159150.0,-4.07,11623294.0,5.16,-679046.0,-0.3,-1785097.0,-0.79,-3066.0,0.831,0.832,1106401904.0,919419982,919419982,2026-07-15,2026-07-15 15:34:39+08:00
561870,现金流全指ETF华富,1.142,1.1404,-0.14,0.022,1.96,19390.0,2201934.0,1.12,1.142,1.12,1.12,1.96,1.78,0.55,-0.68,11180.0,8210.0,206530.0,9.38,0.0,0.0,206530.0,9.38,-113783.0,-5.17,-92747.0,-4.21,787.0,1.137,1.14,108765000.0,124209630,124209630,2026-07-15,2026-07-15 16:11:45+08:00
159236,自由现金流ETF工银,1.152,1.1529,0.08,0.022,1.95,51174.0,5854658.9,1.13,1.152,1.129,1.13,2.04,11.44,0.71,-34.53,29308.0,21866.0,26476.0,0.45,0.0,0.0,26476.0,0.45,39314.0,0.67,-65789.0,-1.12,-58.0,1.151,1.155,44722161.0,51519929,51519929,2026-07-15,2026-07-15 15:34:57+08:00
159103,金融科技ETF汇添富,0.63,0.631,0.16,0.012,1.94,89478.0,5626674.975,0.617,0.636,0.616,0.618,3.24,2.69,0.81,-69.79,52926.0,36552.0,1005988.0,17.88,1183718.0,21.04,-177730.0,-3.16,-291232.0,-5.18,-714756.0,-12.7,-174.0,0.63,0.631,332406768.0,209416264,209416264,2026-07-15,2026-07-15 15:34:06+08:00
563620,全指现金流ETF兴业,1.052,1.0515,-0.05,0.02,1.94,3986.0,416745.0,1.026,1.052,1.026,1.032,2.52,0.7,0.1,-1.56,2089.0,1897.0,-15104.0,-3.62,0.0,0.0,-15104.0,-3.62,-76395.0,-18.33,91499.0,21.96,-3.0,1.052,1.053,57049000.0,60015548,60015548,2026-07-15,2026-07-15 16:11:39+08:00
159232,自由现金流ETF南方,1.159,1.1571,-0.16,0.022,1.93,1554657.0,179109320.736,1.133,1.159,1.132,1.137,2.37,7.41,0.91,57.13,794723.0,759934.0,-3578420.0,-2.0,2099707.0,1.17,-5678127.0,-3.17,4995720.0,2.79,-1417300.0,-0.79,1175.0,1.158,1.159,2096948560.0,2430363381,2430363381,2026-07-15,2026-07-15 15:34:30+08:00
159745,建材ETF国泰,0.53,0.5301,0.02,0.01,1.92,794653.0,41892191.5,0.521,0.533,0.518,0.52,2.88,6.62,0.88,7.38,508751.0,285902.0,4494346.0,10.73,8174254.0,19.51,-3679908.0,-8.78,-2244046.0,-5.36,-2250300.0,-5.37,-9140.0,0.53,0.531,1200688272.0,636364784,636364784,2026-07-15,2026-07-15 15:34:12+08:00
513020,港股科技ETF国泰,0.96,0.9613,0.14,0.018,1.91,3103303.0,296918097.0,0.95,0.967,0.943,0.942,2.55,12.19,1.24,1.15,1633067.0,1470236.0,32359374.0,10.9,43904133.0,14.79,-11544759.0,-3.89,-29839860.0,-10.05,-2519515.0,-0.85,-4498.0,0.96,0.961,2545145408.0,2443339592,2443339592,2026-07-15,2026-07-15 16:11:47+08:00
516460,现金流ETF800鹏华,1.174,1.1751,0.09,0.022,1.91,63182.0,7375760.0,1.152,1.176,1.152,1.152,2.08,1.56,0.56,1.02,36264.0,26918.0,2818718.0,38.22,814284.0,11.04,2004434.0,27.18,-1566041.0,-21.23,-1252677.0,-16.98,-55.0,1.173,1.178,404693008.0,475109591,475109591,2026-07-15,2026-07-15 16:11:42+08:00
159288,创业板综ETF银华,1.066,1.048,-1.72,0.02,1.91,9854.0,1041758.7,1.056,1.067,1.046,1.046,2.01,1.17,0.97,-60.42,3150.0,6704.0,98575.0,9.46,0.0,0.0,98575.0,9.46,-153749.0,-14.76,55173.0,5.3,64.0,1.048,1.066,84174931.0,89730476,89730476,2026-07-15,2026-07-15 15:34:03+08:00
563670,金融科技ETF鹏华,0.642,0.6408,-0.19,0.012,1.9,24332.0,1547661.0,0.627,0.645,0.625,0.63,3.17,1.28,0.76,-51.32,16234.0,8098.0,-317775.0,-20.53,0.0,0.0,-317775.0,-20.53,364749.0,23.57,-46975.0,-3.04,-100.0,0.641,0.642,189987000.0,121971654,121971654,2026-07-15,2026-07-15 16:12:00+08:00
159138,工程机械ETF易方达,0.916,0.9163,0.03,0.017,1.89,212368.0,19500684.246,0.902,0.925,0.902,0.899,2.56,6.36,0.93,40.99,118129.0,94239.0,372735.0,1.91,647512.0,3.32,-274777.0,-1.41,-445623.0,-2.29,72887.0,0.37,-355.0,0.916,0.919,333767920.0,305731415,305731415,2026-07-15,2026-07-15 15:34:00+08:00
159510,沪深300价值ETF华夏,1.241,1.2407,-0.02,0.023,1.89,67962.0,8387836.3,1.22,1.242,1.209,1.218,2.71,11.12,1.99,17.45,39565.0,28397.0,58118.0,0.69,0.0,0.0,58118.0,0.69,-51363.0,-0.61,-6756.0,-0.08,-5.0,1.241,1.242,61128342.0,75860272,75860272,2026-07-15,2026-07-15 15:34:03+08:00
517550,沪港深消费龙头ETF招商,0.646,0.6484,0.37,0.012,1.89,39746.0,2545749.0,0.635,0.647,0.63,0.634,2.68,4.52,0.45,-1.71,25191.0,14555.0,3478.0,0.14,0.0,0.0,3478.0,0.14,27108.0,1.06,-30585.0,-1.2,-20.0,0.646,0.647,87917400.0,56794640,56794640,2026-07-15,2026-07-15 16:11:47+08:00
516100,金融科技ETF华夏,0.982,0.9844,0.24,0.018,1.87,336592.0,32994557.0,0.976,0.993,0.96,0.964,3.42,3.0,0.94,23.54,211537.0,125055.0,3702249.0,11.22,1846870.0,5.6,1855379.0,5.62,-1862994.0,-5.65,-1839255.0,-5.57,-913.0,0.982,0.983,1123759696.0,1103532021,1103532021,2026-07-15,2026-07-15 16:11:59+08:00
159605,中概互联ETF广发,0.818,0.8021,-1.98,0.015,1.87,6443392.0,520523040.0,0.803,0.82,0.792,0.803,3.49,14.6,0.94,-68.7,3444875.0,2998517.0,17346167.0,3.33,32724835.0,6.29,-15378668.0,-2.95,-12040789.0,-2.31,-5305380.0,-1.02,8306.0,0.817,0.818,4413486080.0,3610231613,3610231613,2026-07-15,2026-07-15 15:34:09+08:00
159015,恒生港股通科技ETF国联,0.924,0.9269,0.31,0.017,1.87,281560.0,25896768.7,0.918,0.93,0.908,0.907,2.43,22.64,0.42,-35.44,137726.0,143834.0,1852994.0,7.16,1231787.0,4.76,621207.0,2.4,-1308456.0,-5.05,-544537.0,-2.1,1867.0,0.923,0.924,124352934.0,114902111,114902111,2026-07-15,2026-07-15 15:34:21+08:00
563770,全指现金流ETF招商,1.153,1.1551,0.18,0.021,1.86,8460.0,971348.0,1.137,1.154,1.137,1.132,1.5,2.66,0.07,0.05,3097.0,5363.0,385770.0,39.71,0.0,0.0,385770.0,39.71,-363952.0,-37.47,-21818.0,-2.25,-3.0,1.153,1.155,31807000.0,36673471,36673471,2026-07-15,2026-07-15 16:11:54+08:00
159191,港股通科技ETF易方达,0.932,0.9329,0.1,0.017,1.86,82558.0,7642459.662,0.906,0.939,0.906,0.915,3.61,11.29,0.82,-4.85,35234.0,47324.0,559600.0,7.32,0.0,0.0,559600.0,7.32,-342945.0,-4.49,-216655.0,-2.83,139.0,0.928,0.932,73104851.0,68133721,68133721,2026-07-15,2026-07-15 15:34:18+08:00
159616,农牧ETF建信,0.765,0.7676,0.34,0.014,1.86,208554.0,15989558.001,0.751,0.771,0.751,0.751,2.66,29.56,1.16,-25.1,95695.0,112859.0,275509.0,1.72,0.0,0.0,275509.0,1.72,-225327.0,-1.41,-50183.0,-0.31,-923.0,0.765,0.767,70561112.0,53979251,53979251,2026-07-15,2026-07-15 15:34:09+08:00
159299,金融科技ETF易方达,0.661,0.6604,-0.09,0.012,1.85,380751.0,25042919.635,0.649,0.666,0.642,0.649,3.7,5.39,1.2,-31.95,214318.0,166433.0,-281751.0,-1.13,4268320.0,17.04,-4550071.0,-18.17,61817.0,0.25,219936.0,0.88,1593.0,0.66,0.661,706472976.0,466978637,466978637,2026-07-15,2026-07-15 15:34:12+08:00
513860,港股通科技ETF海富通,0.613,0.617,0.65,0.011,1.83,2534479.0,155056803.0,0.607,0.618,0.602,0.602,2.66,6.47,0.78,12.88,1114590.0,1419889.0,10299788.0,6.64,12890364.0,8.31,-2590576.0,-1.67,-7394789.0,-4.77,-2904999.0,-1.87,-3338.0,0.613,0.614,3917470608.0,2401409483,2401409483,2026-07-15,2026-07-15 16:11:51+08:00
513980,港股科技ETF景顺,0.612,0.6157,0.6,0.011,1.83,6680538.0,407769298.0,0.604,0.617,0.601,0.601,2.66,3.09,0.7,-15.63,3128740.0,3551798.0,-29337706.0,-7.19,-40100924.0,-9.83,10763218.0,2.64,23838222.0,5.85,5499482.0,1.35,-13980.0,0.612,0.613,21614203904.0,13227892789,13227892789,2026-07-15,2026-07-15 16:11:58+08:00
159182,家电ETF南方,0.949,0.9492,0.02,0.017,1.82,2129.0,200643.0,0.937,0.95,0.937,0.932,1.39,0.55,0.54,-46.84,1667.0,462.0,62083.0,30.94,0.0,0.0,62083.0,30.94,-85330.0,-42.53,23248.0,11.59,10.0,0.945,0.95,38485663.0,36522894,36522894,2026-07-15,2026-07-15 15:34:42+08:00
159936,可选消费ETF广发,1.927,1.9255,-0.08,0.034,1.8,2174.0,417578.2,1.893,1.928,1.893,1.893,1.85,0.2,0.29,58.16,1430.0,744.0,140085.0,33.55,0.0,0.0,140085.0,33.55,-179819.0,-43.06,39734.0,9.52,23.0,1.925,1.927,108156094.0,208416793,208416793,2026-07-15,2026-07-15 15:34:33+08:00
520860,港股通科技ETF富国,0.795,0.7971,0.26,0.014,1.79,778676.0,61702611.0,0.786,0.801,0.782,0.781,2.43,22.3,0.89,6.31,406991.0,371685.0,1323606.0,2.15,-2490971.0,-4.04,3814577.0,6.18,-1107931.0,-1.8,-215675.0,-0.35,-169.0,0.795,0.796,349195008.0,277610031,277610031,2026-07-15,2026-07-15 16:11:37+08:00
159577,美国50ETF汇添富,1.602,1.551,-3.29,0.028,1.78,547437.0,87158210.7,1.586,1.602,1.581,1.574,1.33,6.9,1.31,-44.21,389353.0,158084.0,-12254897.0,-14.06,-2744370.0,-3.15,-9510527.0,-10.91,5922059.0,6.79,6332838.0,7.27,5191.0,1.6,1.602,793665792.0,1271452599,1271452599,2026-07-15,2026-07-15 15:34:57+08:00
159222,自由现金流ETF易方达,1.202,1.2002,-0.15,0.021,1.78,690206.0,82465806.425,1.18,1.202,1.175,1.181,2.29,4.76,1.16,0.79,378731.0,311476.0,-182573.0,-0.22,-1953483.0,-2.37,1770910.0,2.15,418295.0,0.51,-235722.0,-0.29,-639.0,1.202,1.203,1449370400.0,1742143221,1742143221,2026-07-15,2026-07-15 15:34:36+08:00
515110,一带一路ETF易方达,1.599,1.5745,-1.56,0.028,1.78,21043.0,3320854.0,1.572,1.621,1.569,1.571,3.31,0.93,0.21,-13.55,12748.0,8295.0,-546118.0,-16.45,293448.0,8.84,-839566.0,-25.28,-17796.0,-0.54,563914.0,16.98,1.0,1.573,1.577,225295000.0,360246705,360246705,2026-07-15,2026-07-15 16:11:57+08:00
563680,800现金流ETF汇添富,1.152,1.1527,0.06,0.02,1.77,22435.0,2560549.0,1.124,1.152,1.124,1.132,2.47,2.02,0.46,0.13,12730.0,9705.0,-400262.0,-15.63,44347.0,1.73,-444609.0,-17.36,330493.0,12.91,69768.0,2.72,101.0,1.151,1.154,110959000.0,127824768,127824768,2026-07-15,2026-07-15 16:11:42+08:00
159233,自由现金流ETF平安,1.154,1.1553,0.11,0.02,1.76,1244685.0,143717771.4,1.131,1.158,1.131,1.134,2.38,27.38,4.13,-85.87,765986.0,478699.0,-65073371.0,-45.28,-49709677.0,-34.59,-15363694.0,-10.69,23062391.0,16.05,42010979.0,29.23,-1.0,1.155,1.156,454623424.0,524635431,524635431,2026-07-15,2026-07-15 15:34:12+08:00
159101,港股通科技ETF华夏,0.751,0.7518,0.11,0.013,1.76,5043557.0,377589253.047,0.74,0.757,0.734,0.738,3.12,16.55,1.2,11.38,2736114.0,2307443.0,4494134.0,1.19,-2448845.0,-0.65,6942979.0,1.84,-2561438.0,-0.68,-1932696.0,-0.51,-2801.0,0.751,0.752,3048311456.0,2289281903,2289281903,2026-07-15,2026-07-15 15:34:48+08:00
516750,建材ETF富国,0.579,0.5783,-0.12,0.01,1.76,58004.0,3331418.0,0.569,0.583,0.565,0.569,3.16,4.23,0.42,-1.67,30714.0,27290.0,270398.0,8.12,564766.0,16.95,-294368.0,-8.84,-210820.0,-6.33,-59579.0,-1.79,-16.0,0.578,0.579,137167300.0,79419867,79419867,2026-07-15,2026-07-15 16:11:53+08:00
513160,港股科技ETF银华,0.989,0.9879,-0.11,0.017,1.75,4365669.0,428164052.0,0.983,0.992,0.97,0.972,2.26,12.06,0.71,-10.51,2301739.0,2063930.0,351864.0,0.08,-10682332.0,-2.49,11034196.0,2.58,3256300.0,0.76,-3608165.0,-0.84,-12882.0,0.988,0.989,3621189296.0,3581356214,3581356214,2026-07-15,2026-07-15 16:11:57+08:00
159607,中概互联网ETF嘉实,0.814,0.8009,-1.64,0.014,1.75,2935081.0,236275098.5,0.8,0.817,0.79,0.8,3.38,24.2,0.95,-30.1,1506362.0,1428719.0,3551252.0,1.5,2078077.0,0.88,1473175.0,0.62,-1435714.0,-0.61,-2115537.0,-0.9,-5170.0,0.814,0.815,1212829136.0,987242917,987242917,2026-07-15,2026-07-15 15:34:51+08:00
516840,汽车ETF南方,0.758,0.7594,0.18,0.013,1.74,16643.0,1261431.0,0.739,0.765,0.739,0.745,3.49,1.35,0.39,0.44,10845.0,5798.0,10037.0,0.8,61049.0,4.84,-51012.0,-4.04,39411.0,3.12,-49449.0,-3.92,-147.0,0.758,0.759,123277000.0,93443966,93443966,2026-07-15,2026-07-15 16:11:55+08:00
159135,港股通科技ETF前海开源,0.817,0.8181,0.13,0.014,1.74,302705.0,24596067.638,0.81,0.82,0.802,0.803,2.24,4.66,0.59,-66.51,137491.0,165214.0,1410305.0,5.73,922421.0,3.75,487884.0,1.98,-1244477.0,-5.06,-165827.0,-0.67,-500.0,0.817,0.818,649466384.0,530614036,530614036,2026-07-15,2026-07-15 15:34:54+08:00
159010,港股通科技ETF博时,0.938,0.9398,0.19,0.016,1.74,131269.0,12255829.41,0.926,0.942,0.92,0.922,2.39,6.23,0.57,-44.34,81132.0,50137.0,961193.0,7.84,0.0,0.0,961193.0,7.84,-687850.0,-5.61,-273343.0,-2.23,674.0,0.936,0.938,210597611.0,197540559,197540559,2026-07-15,2026-07-15 15:34:15+08:00
159787,建材ETF易方达,0.584,0.5831,-0.15,0.01,1.74,28064.0,1633738.3,0.576,0.586,0.571,0.574,2.61,2.12,1.63,11.52,13207.0,14857.0,187444.0,11.47,-172.0,-0.01,187616.0,11.48,-136463.0,-8.35,-50982.0,-3.12,50.0,0.584,0.585,132521633.0,77392634,77392634,2026-07-15,2026-07-15 15:34:06+08:00
510720,红利国企ETF国泰,0.994,0.9949,0.09,0.017,1.74,2714534.0,267747600.0,0.974,0.996,0.969,0.977,2.76,8.12,1.38,-54.87,1747697.0,966837.0,75764752.0,28.3,105812726.0,39.52,-30047974.0,-11.22,-45601744.0,-17.03,-30163009.0,-11.27,-3868.0,0.994,0.995,3342766000.0,3322709404,3322709404,2026-07-15,2026-07-15 16:11:39+08:00
159119,800现金流ETF招商,0.943,0.9431,0.01,0.016,1.73,121412.0,11395515.8,0.928,0.945,0.922,0.927,2.48,7.45,1.51,-7.91,64544.0,56868.0,287520.0,2.52,765370.0,6.72,-477850.0,-4.19,-65078.0,-0.57,-222442.0,-1.95,-7.0,0.943,0.945,163054229.0,153760138,153760138,2026-07-15,2026-07-15 15:34:09+08:00
515220,煤炭ETF国泰,1.186,1.1861,0.01,0.02,1.72,8477975.0,996266695.0,1.15,1.189,1.146,1.166,3.69,6.53,1.11,0.22,4866744.0,3611231.0,-45782160.0,-4.6,-84082576.0,-8.44,38300416.0,3.84,39683744.0,3.98,6098413.0,0.61,-32363.0,1.186,1.187,12982676992.0,15397454913,15397454913,2026-07-15,2026-07-15 16:11:33+08:00
563990,800现金流ETF富国,1.19,1.1917,0.14,0.02,1.71,24590.0,2901523.0,1.171,1.192,1.168,1.17,2.05,0.61,0.22,24.34,11687.0,12903.0,257121.0,8.86,45180.0,1.56,211941.0,7.3,-173503.0,-5.98,-83617.0,-2.88,-5.0,1.19,1.191,401573008.0,477871880,477871880,2026-07-15,2026-07-15 16:11:33+08:00
563580,自由现金流800ETF万家,1.073,1.0736,0.06,0.018,1.71,72182.0,7670177.0,1.044,1.074,1.044,1.055,2.84,2.8,0.9,-6.6,42820.0,29362.0,-767039.0,-10.0,372287.0,4.85,-1139326.0,-14.85,773717.0,10.09,-6678.0,-0.09,-50.0,1.073,1.075,257648000.0,276456304,276456304,2026-07-15,2026-07-15 16:11:34+08:00
520870,巴西ETF易方达,1.13,1.1238,-0.55,0.019,1.71,558476.0,62683410.0,1.123,1.132,1.117,1.111,1.35,10.23,1.0,14.61,258636.0,299840.0,6464337.0,10.31,4466849.0,7.13,1997488.0,3.19,1703807.0,2.72,-8168145.0,-13.03,-4135.0,1.129,1.13,545977200.0,616954236,616954236,2026-07-15,2026-07-15 16:11:34+08:00
512030,中证A50增强ETF易方达,1.133,1.1318,-0.11,0.019,1.71,37440.0,4228205.0,1.122,1.141,1.121,1.114,1.8,8.28,1.0,-12.21,10211.0,27229.0,-59966.0,-1.42,1235497.0,29.22,-1295463.0,-30.64,89612.0,2.12,-29646.0,-0.7,-1.0,1.133,1.135,45240000.0,51256920,51256920,2026-07-15,2026-07-15 16:11:40+08:00
159747,香港科技ETF南方,1.199,1.2003,0.11,0.02,1.7,1191291.0,142060920.997,1.183,1.205,1.175,1.179,2.54,37.38,0.93,5.5,597261.0,594030.0,3074520.0,2.16,1061515.0,0.75,2013005.0,1.42,-2810625.0,-1.98,-263895.0,-0.19,751.0,1.197,1.199,318712272.0,382136014,382136014,2026-07-15,2026-07-15 15:34:48+08:00
520980,港股通科技ETF汇添富,0.898,0.8983,0.03,0.015,1.7,4720938.0,421182358.0,0.893,0.902,0.881,0.883,2.38,13.79,0.66,-30.65,2240524.0,2480414.0,3056054.0,0.73,27270482.0,6.47,-24214428.0,-5.75,-3368365.0,-0.8,312311.0,0.07,-1974.0,0.898,0.899,3424387008.0,3075099533,3075099533,2026-07-15,2026-07-15 16:11:41+08:00
159587,粮食ETF广发,1.082,1.0804,-0.15,0.018,1.69,119923.0,12887112.5,1.063,1.085,1.052,1.064,3.1,8.13,0.89,9.82,62811.0,57112.0,669107.0,5.19,538500.0,4.18,130607.0,1.01,-459379.0,-3.56,-209729.0,-1.63,-366.0,1.082,1.083,147447031.0,159537688,159537688,2026-07-15,2026-07-15 15:34:42+08:00
562060,标普A股红利ETF华宝,0.603,0.6045,0.25,0.01,1.69,704655.0,42289726.0,0.593,0.604,0.591,0.593,2.19,1.28,0.85,-68.43,519484.0,185171.0,1147960.0,2.71,-535561.0,-1.27,1683521.0,3.98,-1106207.0,-2.62,-41753.0,-0.1,-1185.0,0.602,0.603,5499792640.0,3316374962,3316374962,2026-07-15,2026-07-15 16:11:58+08:00
562580,可选消费ETF华夏,1.085,1.0842,-0.07,0.018,1.69,76720.0,8279321.0,1.056,1.099,1.056,1.067,4.03,20.34,1.65,-13.77,38942.0,37778.0,127483.0,1.54,200189.0,2.42,-72706.0,-0.88,216333.0,2.61,-343816.0,-4.15,93.0,1.083,1.085,37723300.0,40929781,40929781,2026-07-15,2026-07-15 16:11:48+08:00
159822,新经济ETF银华,0.6,0.5902,-1.66,0.01,1.69,173318.0,10348722.899,0.591,0.601,0.589,0.59,2.03,5.33,1.27,-29.67,102706.0,70612.0,1095720.0,10.59,675361.0,6.53,420359.0,4.06,-772609.0,-7.47,-323112.0,-3.12,12.0,0.598,0.6,325134320.0,195080592,195080592,2026-07-15,2026-07-15 15:34:33+08:00
515210,钢铁ETF国泰,1.145,1.1415,-0.31,0.019,1.69,562744.0,64374657.0,1.126,1.15,1.119,1.126,2.75,6.38,0.75,12.46,384278.0,178465.0,-13181908.0,-20.48,-975151.0,-1.51,-12206757.0,-18.96,-2195508.0,-3.41,15377415.0,23.89,-2395.0,1.144,1.145,882226096.0,1010148880,1010148880,2026-07-15,2026-07-15 16:11:59+08:00
159152,港股通科技ETF平安,0.788,0.7901,0.27,0.013,1.68,651645.0,51045934.48,0.784,0.791,0.774,0.775,2.19,7.61,0.77,-28.34,347497.0,304148.0,1570059.0,3.08,-1973104.0,-3.87,3543163.0,6.94,-1027091.0,-2.01,-542967.0,-1.06,21.0,0.787,0.788,856556096.0,674966204,674966204,2026-07-15,2026-07-15 15:34:12+08:00
159245,港股通消费ETF富国,0.787,0.7858,-0.15,0.013,1.68,51101.0,3988517.086,0.774,0.787,0.772,0.774,1.94,7.39,1.29,18.16,26608.0,24493.0,-34687.0,-0.87,0.0,0.0,-34687.0,-0.87,245147.0,6.15,-210459.0,-5.28,-314.0,0.787,0.788,69113296.0,54392164,54392164,2026-07-15,2026-07-15 15:34:06+08:00
510030,价值ETF华宝,1.026,1.028,0.19,0.017,1.68,91337.0,9304742.0,1.007,1.029,1.007,1.009,2.18,5.68,1.66,7.17,60649.0,30688.0,-319083.0,-3.43,-2107609.0,-22.65,1788526.0,19.22,384787.0,4.14,-65704.0,-0.71,-54.0,1.026,1.027,160729800.0,164908775,164908775,2026-07-15,2026-07-15 16:11:43+08:00
516950,基建ETF银华,1.033,1.0301,-0.28,0.017,1.67,103760.0,10666927.0,1.018,1.033,1.018,1.016,1.48,8.45,1.13,-13.47,74790.0,28970.0,-2255313.0,-21.14,297946.0,2.79,-2553259.0,-23.94,176373.0,1.65,2078940.0,19.49,-892.0,1.032,1.033,122821000.0,126874093,126874093,2026-07-15,2026-07-15 16:11:49+08:00
516530,物流ETF银华,0.974,0.9682,-0.6,0.016,1.67,9909.0,954909.0,0.953,0.979,0.953,0.958,2.71,5.41,2.24,5.01,4657.0,5252.0,-109457.0,-11.46,29394.0,3.08,-138851.0,-14.54,146115.0,15.3,-36659.0,-3.84,-2167.0,0.974,0.977,18302300.0,17826440,17826440,2026-07-15,2026-07-15 16:12:00+08:00
563180,高股息ETF银华,1.105,1.104,-0.09,0.018,1.66,48843.0,5351936.0,1.087,1.105,1.084,1.087,1.93,4.27,1.0,-7.8,26112.0,22731.0,-345835.0,-6.46,-417047.0,-7.79,71212.0,1.33,260179.0,4.86,85656.0,1.6,-254.0,1.105,1.106,114420000.0,126434100,126434100,2026-07-15,2026-07-15 16:11:58+08:00
159263,价值ETF易方达,1.111,1.11,-0.09,0.018,1.65,3118326.0,344425159.5,1.088,1.112,1.083,1.093,2.65,5.78,1.87,25.59,2319666.0,798660.0,-77694604.0,-22.56,-144068174.0,-41.83,66373570.0,19.27,64389158.0,18.69,13305447.0,3.86,-6494.0,1.111,1.112,5397105152.0,5996183824,5996183824,2026-07-15,2026-07-15 15:34:51+08:00
512250,XDA50ETF招商,1.242,1.231,-0.89,0.02,1.64,20393.0,2512292.0,1.236,1.285,1.223,1.222,5.07,1.66,1.05,-56.86,16563.0,3830.0,-646654.0,-25.74,-13805.0,-0.55,-632849.0,-25.19,560322.0,22.3,86330.0,3.44,-1628.0,1.242,1.245,122600100.0,152269324,152269324,2026-07-15,2026-07-15 16:11:36+08:00
159276,现金流ETF汇添富,1.052,1.0522,0.02,0.017,1.64,58651.0,6137391.9,1.033,1.052,1.033,1.035,1.84,1.59,1.58,-10.34,28961.0,29690.0,77881.0,1.27,5268.0,0.09,72613.0,1.18,-62787.0,-1.02,-15093.0,-0.25,-8.0,1.052,1.054,369696656.0,388920882,388920882,2026-07-15,2026-07-15 15:34:03+08:00
563690,红利低波ETF永赢,0.997,0.9964,-0.06,0.016,1.63,9039.0,895095.0,0.972,0.997,0.972,0.981,2.55,2.45,0.43,-0.91,7173.0,1866.0,172418.0,19.26,0.0,0.0,172418.0,19.26,-8019.0,-0.9,-164399.0,-18.37,20.0,0.997,0.998,36882000.0,36771354,36771354,2026-07-15,2026-07-15 16:11:42+08:00
515180,红利ETF易方达,1.374,1.3741,0.01,0.022,1.63,3877788.0,529914768.0,1.349,1.376,1.347,1.352,2.14,2.86,1.38,-44.57,2057406.0,1820382.0,45954852.0,8.67,61846286.0,11.67,-15891434.0,-3.0,-24813540.0,-4.68,-21141313.0,-3.99,-13393.0,1.374,1.375,13560636928.0,18632315139,18632315139,2026-07-15,2026-07-15 16:12:00+08:00
159225,现金流ETF银华,1.184,1.1841,0.01,0.019,1.63,37087.0,4368946.3,1.161,1.184,1.16,1.165,2.06,1.39,0.91,76.93,15857.0,21230.0,67961.0,1.56,260107.0,5.95,-192146.0,-4.4,-189833.0,-4.35,121870.0,2.79,2.0,1.184,1.189,267744804.0,317009848,317009848,2026-07-15,2026-07-15 15:34:39+08:00
563760,全指现金流ETF中银,1.131,1.1324,0.12,0.018,1.62,172830.0,19457747.0,1.115,1.132,1.106,1.113,2.34,2.25,0.24,3.7,88341.0,84489.0,316419.0,1.63,639532.0,3.29,-323113.0,-1.66,-306686.0,-1.58,-9732.0,-0.05,-2.0,1.131,1.132,767913200.0,868509829,868509829,2026-07-15,2026-07-15 16:12:00+08:00
159100,巴西ETF华夏,1.13,1.1265,-0.31,0.018,1.62,303950.0,34199416.916,1.125,1.133,1.119,1.112,1.26,6.51,1.15,54.2,166877.0,137073.0,2174827.0,6.36,-1785241.0,-5.22,3960068.0,11.58,-607949.0,-1.78,-1566878.0,-4.58,7298.0,1.129,1.13,466546928.0,527198029,527198029,2026-07-15,2026-07-15 15:34:45+08:00
159201,自由现金流ETF华夏,1.131,1.1275,-0.31,0.018,1.62,4980993.0,559870196.5,1.113,1.131,1.103,1.113,2.52,3.71,1.74,41.21,3291395.0,1689598.0,-36420351.0,-6.51,-151983138.0,-27.15,115562787.0,20.64,30157236.0,5.39,6263115.0,1.12,-29078.0,1.131,1.132,13428275968.0,15187380120,15187380120,2026-07-15,2026-07-15 15:34:06+08:00
159166,现金流ETF长城,0.818,0.8194,0.17,0.013,1.61,18341.0,1493895.27,0.801,0.819,0.801,0.805,2.24,0.31,0.75,-32.7,7871.0,10470.0,550694.0,36.86,456635.0,30.57,94059.0,6.3,-336228.0,-22.51,-214466.0,-14.36,-18.0,0.818,0.819,590816064.0,483287540,483287540,2026-07-15,2026-07-15 15:34:27+08:00
