代码,名称,最新价,IOPV实时估值,基金折价率,涨跌额,涨跌幅,成交量,成交额,开盘价,最高价,最低价,昨收,振幅,换手率,量比,委比,外盘,内盘,主力净流入-净额,主力净流入-净占比,超大单净流入-净额,超大单净流入-净占比,大单净流入-净额,大单净流入-净占比,中单净流入-净额,中单净流入-净占比,小单净流入-净额,小单净流入-净占比,现手,买一,卖一,最新份额,流通市值,总市值,数据日期,更新时间
159613,信息安全ETF嘉实,0.908,0.8953,-1.42,0.058,6.82,430444.0,38703585.7,0.868,0.92,0.868,0.85,6.12,46.49,4.57,77.8,225774.0,204670.0,-6948963.0,-17.95,-3860553.0,-9.97,-3088410.0,-7.98,4775704.0,12.34,2173260.0,5.62,-5233.0,0.908,0.909,92590217.0,84071917,84071917,2026-07-08,2026-07-08 15:34:18+08:00
159739,云计算ETF鹏华,1.673,1.6425,-1.86,0.103,6.56,333124.0,54789840.9,1.574,1.673,1.574,1.57,6.31,14.68,1.79,0.92,204702.0,128422.0,1256701.0,2.29,975017.0,1.78,281684.0,0.51,-703837.0,-1.28,-552865.0,-1.01,-5201.0,1.673,1.674,226980615.0,379738569,379738569,2026-07-08,2026-07-08 15:34:30+08:00
520790,港股通互联网ETF兴业,0.849,0.8528,0.45,0.051,6.39,522037.0,43522999.0,0.807,0.856,0.795,0.798,7.64,13.56,2.44,-47.01,287937.0,234100.0,-1021406.0,-2.35,2805302.0,6.45,-3826708.0,-8.79,2224700.0,5.11,-1203294.0,-2.76,-2199.0,0.848,0.849,385075008.0,326928682,326928682,2026-07-08,2026-07-08 16:11:32+08:00
516510,云计算ETF易方达,1.76,1.7323,-1.6,0.103,6.22,1571117.0,272812741.0,1.681,1.765,1.681,1.657,5.07,10.92,1.74,-25.29,860660.0,710457.0,27252540.0,9.99,32751882.0,12.01,-5499342.0,-2.02,-11475861.0,-4.21,-15776679.0,-5.78,-52439.0,1.759,1.76,1438890000.0,2532446400,2532446400,2026-07-08,2026-07-08 16:11:42+08:00
515400,大数据ETF富国,0.904,0.8946,-1.05,0.052,6.1,2674913.0,240171044.0,0.87,0.915,0.87,0.852,5.28,18.18,2.55,39.29,1674289.0,1000624.0,8624358.0,3.59,4062361.0,1.69,4561997.0,1.9,-65937.0,-0.03,-8558421.0,-3.56,-51197.0,0.904,0.905,1471631408.0,1330354793,1330354793,2026-07-08,2026-07-08 16:11:53+08:00
159792,港股通互联网ETF富国,0.595,0.5913,-0.63,0.034,6.06,112105213.0,6593254486.086,0.563,0.607,0.562,0.561,8.02,19.1,2.59,27.13,62895404.0,49209810.0,-344110592.0,-5.22,-722935520.0,-10.96,378824928.0,5.75,380955584.0,5.78,-36844959.0,-0.56,611995.0,0.594,0.595,58694855168.0,34923438825,34923438825,2026-07-08,2026-07-08 15:34:30+08:00
560660,云计算50ETF新华,1.164,1.1505,-1.17,0.066,6.01,246055.0,28489660.0,1.108,1.176,1.108,1.098,6.19,18.37,2.84,53.75,133029.0,113026.0,-2209680.0,-7.76,-1539537.0,-5.4,-670143.0,-2.35,1127835.0,3.96,1081845.0,3.8,-3167.0,1.163,1.164,133938000.0,155903832,155903832,2026-07-08,2026-07-08 16:11:51+08:00
513160,港股科技ETF银华,0.989,0.9865,-0.25,0.056,6.0,7009557.0,682666158.0,0.934,0.999,0.934,0.933,6.97,20.59,1.83,-39.06,3800976.0,3208581.0,32759821.0,4.8,45855501.0,6.72,-13095680.0,-1.92,-13721040.0,-2.01,-19038783.0,-2.79,-189887.0,0.988,0.989,3404189296.0,3366743214,3366743214,2026-07-08,2026-07-08 16:11:39+08:00
159040,港股通互联网ETF鹏华,1.101,1.1072,0.56,0.062,5.97,448362.0,48254129.32,1.044,1.114,1.036,1.039,7.51,45.53,2.8,46.08,149184.0,299178.0,3116651.0,6.46,3403414.0,7.05,-286763.0,-0.59,-3839233.0,-7.96,722583.0,1.5,3086.0,1.1,1.101,98481087.0,108427677,108427677,2026-07-08,2026-07-08 15:34:54+08:00
516000,大数据ETF华夏,0.99,0.9807,-0.95,0.055,5.88,456261.0,44725552.0,0.95,0.999,0.95,0.935,5.24,12.97,1.59,-15.55,296892.0,159369.0,-832446.0,-1.86,-65751.0,-0.15,-766695.0,-1.71,1296039.0,2.9,-463594.0,-1.04,-7306.0,0.99,0.991,351855008.0,348336458,348336458,2026-07-08,2026-07-08 16:11:36+08:00
159890,云计算ETF招商,1.789,1.771,-1.02,0.099,5.86,358062.0,63651202.0,1.715,1.816,1.715,1.69,5.98,15.13,2.43,3.01,190896.0,167166.0,-5260108.0,-8.26,59002.0,0.09,-5319110.0,-8.36,4762488.0,7.48,497619.0,0.78,4215.0,1.788,1.789,236590688.0,423260741,423260741,2026-07-08,2026-07-08 15:34:45+08:00
520650,港股通互联网ETF南方,0.618,0.6227,0.75,0.034,5.82,3226538.0,194771169.0,0.584,0.625,0.584,0.584,7.02,17.1,1.36,0.31,1669993.0,1556545.0,3616058.0,1.86,-831787.0,-0.43,4447845.0,2.28,-3044690.0,-1.56,-571369.0,-0.29,-697.0,0.617,0.618,1886755008.0,1166014595,1166014595,2026-07-08,2026-07-08 16:11:50+08:00
513720,港股互联网ETF国泰,0.673,0.6802,1.06,0.037,5.82,711128.0,47049908.0,0.639,0.681,0.639,0.636,6.6,29.77,2.79,19.63,372022.0,339106.0,1693155.0,3.6,2205693.0,4.69,-512538.0,-1.09,-1167272.0,-2.48,-525884.0,-1.12,-1718.0,0.672,0.673,238859000.0,160752107,160752107,2026-07-08,2026-07-08 16:11:56+08:00
513040,港股通互联网ETF易方达,0.964,0.9723,0.85,0.053,5.82,14566017.0,1385192310.0,0.911,0.978,0.911,0.911,7.35,25.49,2.56,-2.53,7632221.0,6933796.0,33950672.0,2.45,-139480256.0,-10.07,173430928.0,12.52,-22737171.0,-1.64,-11213518.0,-0.81,-26122.0,0.963,0.964,5713841408.0,5508143117,5508143117,2026-07-08,2026-07-08 16:11:41+08:00
520630,港股通互联网ETF广发,0.676,0.683,1.02,0.037,5.79,505961.0,33871460.0,0.649,0.684,0.64,0.639,6.89,11.55,2.34,16.9,247476.0,258485.0,140654.0,0.42,4730776.0,13.97,-4590122.0,-13.55,-1572767.0,-4.64,1432113.0,4.23,-776.0,0.675,0.676,438110000.0,296162360,296162360,2026-07-08,2026-07-08 16:11:34+08:00
513330,恒生互联网ETF华夏,0.386,0.388,0.52,0.021,5.75,117265551.0,4446606217.0,0.366,0.39,0.366,0.365,6.58,16.35,1.84,-25.81,72294825.0,44970726.0,261615136.0,5.88,572257600.0,12.87,-310642464.0,-6.99,-201286844.0,-4.53,-60328275.0,-1.36,-988220.0,0.385,0.386,71709478912.0,27679858860,27679858860,2026-07-08,2026-07-08 16:11:55+08:00
159202,恒生互联网ETF万家,0.829,0.8285,-0.06,0.045,5.74,3104861.0,252668721.3,0.787,0.839,0.787,0.784,6.63,27.91,1.8,-1.89,1711117.0,1393744.0,17522537.0,6.93,4948393.0,1.96,12574144.0,4.98,-10119233.0,-4.0,-7403304.0,-2.93,7406.0,0.828,0.829,1112401904.0,922181178,922181178,2026-07-08,2026-07-08 15:34:03+08:00
159738,云计算ETF华泰柏瑞,2.125,2.115,-0.47,0.115,5.72,179525.0,37693187.6,2.01,2.15,2.01,2.01,6.97,14.36,1.36,-51.51,105293.0,74232.0,859159.0,2.28,3790702.0,10.06,-2931543.0,-7.78,-1884753.0,-5.0,1025594.0,2.72,1065.0,2.122,2.125,124992667.0,265609417,265609417,2026-07-08,2026-07-08 15:34:03+08:00
159568,港股互联网ETF博时,1.164,1.1575,-0.56,0.063,5.72,1874353.0,213630074.2,1.104,1.177,1.101,1.101,6.9,56.65,2.06,20.1,981918.0,892435.0,3862360.0,1.81,4571647.0,2.14,-709287.0,-0.33,-909069.0,-0.43,-2953290.0,-1.38,-9577.0,1.164,1.165,330857904.0,385118600,385118600,2026-07-08,2026-07-08 15:34:45+08:00
516700,大数据ETF华宝,0.945,0.937,-0.85,0.051,5.7,273935.0,25616129.0,0.908,0.951,0.907,0.894,4.92,18.49,1.7,10.86,160309.0,113626.0,957274.0,3.74,826100.0,3.22,131174.0,0.51,502618.0,1.96,-1459891.0,-5.7,-5223.0,0.944,0.945,148122000.0,139975290,139975290,2026-07-08,2026-07-08 16:11:54+08:00
520910,港股通互联网ETF华夏,0.65,0.6582,1.25,0.035,5.69,1480302.0,94995122.0,0.615,0.66,0.615,0.615,7.32,19.19,2.18,-4.99,788928.0,691374.0,5017985.0,5.28,8961105.0,9.43,-3943120.0,-4.15,-3671586.0,-3.87,-1346399.0,-1.42,-2940.0,0.65,0.651,771445008.0,501439255,501439255,2026-07-08,2026-07-08 16:11:55+08:00
516630,云计算ETF华夏,1.704,1.6908,-0.78,0.091,5.64,499163.0,84117673.0,1.637,1.715,1.637,1.613,4.84,9.09,1.17,-32.78,288275.0,210888.0,11009888.0,13.09,2035300.0,2.42,8974588.0,10.67,-3038693.0,-3.61,-7971194.0,-9.48,-8495.0,1.704,1.705,549156000.0,935761824,935761824,2026-07-08,2026-07-08 16:11:50+08:00
562920,信息安全ETF易方达,0.953,0.9516,-0.15,0.05,5.54,141798.0,13330774.0,0.915,0.959,0.915,0.903,4.87,15.4,1.54,6.79,70289.0,71509.0,-631110.0,-4.73,-1197068.0,-8.98,565958.0,4.25,-18644.0,-0.14,649753.0,4.87,-4040.0,0.952,0.953,92069000.0,87741757,87741757,2026-07-08,2026-07-08 16:11:45+08:00
159273,云计算ETF汇添富,1.47,1.4602,-0.67,0.077,5.53,301171.0,43888604.7,1.405,1.481,1.405,1.393,5.46,4.44,1.25,78.88,181634.0,119537.0,-2197881.0,-5.01,-3573021.0,-8.14,1375140.0,3.13,3202932.0,7.3,-1005051.0,-2.29,-1777.0,1.47,1.471,677777504.0,996332931,996332931,2026-07-08,2026-07-08 15:34:45+08:00
159688,恒生互联网ETF华安,0.783,0.785,0.25,0.041,5.53,2854463.0,219899220.053,0.744,0.793,0.743,0.742,6.74,20.46,1.68,-34.12,1621326.0,1233137.0,19149661.0,8.71,14525163.0,6.61,4624498.0,2.1,-12276936.0,-5.58,-6872725.0,-3.13,8698.0,0.782,0.783,1395278480.0,1092503050,1092503050,2026-07-08,2026-07-08 15:34:12+08:00
513770,港股互联网ETF华宝,0.363,0.3673,1.17,0.019,5.52,48236522.0,1746079766.0,0.344,0.372,0.344,0.344,8.14,35.51,2.59,-5.18,28142576.0,20093946.0,10471104.0,0.6,-28405008.0,-1.63,38876112.0,2.23,-3437938.0,-0.2,-7033163.0,-0.4,-235344.0,0.362,0.363,13585137920.0,4931405065,4931405065,2026-07-08,2026-07-08 16:11:44+08:00
159280,港股通互联网ETF汇添富,0.694,0.6931,-0.13,0.036,5.47,289807.0,19735246.2,0.674,0.702,0.659,0.658,6.53,28.49,2.3,-8.5,142209.0,147598.0,1769400.0,8.97,2318411.0,11.75,-549011.0,-2.78,-1080879.0,-5.48,-688521.0,-3.49,-1706.0,0.694,0.695,101717171.0,70591717,70591717,2026-07-08,2026-07-08 15:34:45+08:00
159607,中概互联网ETF嘉实,0.808,0.7699,-4.95,0.041,5.35,3953250.0,313931367.0,0.769,0.816,0.769,0.767,6.13,31.16,1.9,-11.47,2141228.0,1812022.0,25437015.0,8.1,19541605.0,6.22,5895410.0,1.88,-16749685.0,-5.34,-8687330.0,-2.77,-14655.0,0.808,0.809,1268829136.0,1025213942,1025213942,2026-07-08,2026-07-08 15:34:27+08:00
159262,港股通科技ETF广发,0.875,0.8757,0.08,0.044,5.29,19443475.0,1677535521.9,0.835,0.888,0.835,0.831,6.38,26.23,2.37,41.33,10864668.0,8578807.0,420353504.0,25.06,394445024.0,23.51,25908480.0,1.54,-409878071.0,-24.43,-10475441.0,-0.62,13855.0,0.874,0.875,7412720384.0,6486130336,6486130336,2026-07-08,2026-07-08 15:34:18+08:00
159527,云计算ETF广发,2.21,2.1959,-0.64,0.11,5.24,82730.0,18170256.95,2.114,2.23,2.114,2.1,5.52,6.36,1.28,67.08,44406.0,38324.0,1093896.0,6.02,786864.0,4.33,307032.0,1.69,-48976.0,-0.27,-1044921.0,-5.75,-717.0,2.21,2.211,130100450.0,287521995,287521995,2026-07-08,2026-07-08 15:34:15+08:00
159179,港股通互联网ETF工银,0.848,0.8469,-0.13,0.042,5.21,643086.0,53495098.1,0.806,0.859,0.806,0.806,6.58,55.97,1.26,16.01,335090.0,307996.0,3419458.0,6.39,3117458.0,5.83,302000.0,0.56,-3002291.0,-5.61,-417168.0,-0.78,1275.0,0.846,0.848,114903568.0,97438226,97438226,2026-07-08,2026-07-08 15:34:45+08:00
159010,港股通科技ETF博时,0.929,0.9289,-0.01,0.046,5.21,360127.0,33186967.297,0.883,0.939,0.883,0.883,6.34,14.31,3.41,-16.58,232664.0,127463.0,5260401.0,15.85,5355769.0,16.14,-95368.0,-0.29,-3353480.0,-10.1,-1906922.0,-5.75,355.0,0.928,0.929,251597611.0,233734181,233734181,2026-07-08,2026-07-08 15:34:33+08:00
513050,中概互联网ETF易方达,1.092,1.0374,-5.26,0.054,5.2,46455591.0,5001909576.0,1.043,1.107,1.041,1.038,6.36,13.84,2.03,-7.57,25792793.0,20662798.0,453667856.0,9.07,406657392.0,8.13,47010464.0,0.94,-253036688.0,-5.06,-200631166.0,-4.01,-227319.0,1.092,1.093,33556432640.0,36643624443,36643624443,2026-07-08,2026-07-08 16:12:01+08:00
159605,中概互联ETF广发,0.81,0.7716,-4.98,0.04,5.19,9074383.0,722941325.719,0.771,0.819,0.771,0.77,6.23,19.4,1.89,-16.77,5208096.0,3866287.0,70407340.0,9.74,112646849.0,15.58,-42239509.0,-5.84,-45506748.0,-6.29,-24900592.0,-3.44,40970.0,0.809,0.81,4678486272.0,3789573880,3789573880,2026-07-08,2026-07-08 15:34:09+08:00
159170,港股通互联网ETF永赢,0.842,0.8426,0.07,0.041,5.12,1645248.0,136271514.726,0.802,0.854,0.799,0.801,6.87,40.96,2.25,12.32,867896.0,777353.0,5630946.0,4.13,7428067.0,5.45,-1797121.0,-1.32,-3919332.0,-2.88,-1711614.0,-1.26,681.0,0.841,0.842,401638352.0,338179492,338179492,2026-07-08,2026-07-08 15:34:54+08:00
159152,港股通科技ETF平安,0.782,0.7823,0.04,0.038,5.11,844585.0,65217543.931,0.745,0.791,0.745,0.744,6.18,9.43,1.28,-26.8,495186.0,349398.0,8125287.0,12.46,5009194.0,7.68,3116093.0,4.78,-5891530.0,-9.03,-2233757.0,-3.43,5641.0,0.781,0.782,895556096.0,700324867,700324867,2026-07-08,2026-07-08 15:34:45+08:00
159135,港股通科技ETF前海开源,0.805,0.8085,0.43,0.039,5.09,701018.0,56334340.124,0.768,0.818,0.768,0.766,6.53,10.37,3.26,-59.08,405852.0,295166.0,4017459.0,7.13,8474026.0,15.04,-4456567.0,-7.91,-3146326.0,-5.59,-871134.0,-1.55,2776.0,0.803,0.805,675966384.0,544152939,544152939,2026-07-08,2026-07-08 15:34:27+08:00
520670,港股通科技ETF嘉实,0.786,0.7931,0.9,0.038,5.08,408261.0,31935872.0,0.755,0.798,0.755,0.748,5.75,17.57,1.49,5.25,210013.0,198248.0,3345833.0,10.48,1145192.0,3.59,2200641.0,6.89,-2414693.0,-7.56,-931139.0,-2.92,-470.0,0.786,0.787,232428100.0,182688487,182688487,2026-07-08,2026-07-08 16:12:00+08:00
520590,恒生科技ETF鹏华,0.813,0.8162,0.39,0.039,5.04,384068.0,30863203.0,0.774,0.821,0.774,0.774,6.07,17.44,2.11,24.36,232914.0,151154.0,2582781.0,8.37,3550417.0,11.5,-967636.0,-3.14,-1347625.0,-4.37,-1235154.0,-4.0,-988.0,0.813,0.814,220235000.0,179051055,179051055,2026-07-08,2026-07-08 16:11:39+08:00
520840,港股通恒生科技ETF华安,0.773,0.7801,0.91,0.037,5.03,1645569.0,125999341.0,0.735,0.783,0.735,0.736,6.52,13.21,1.77,-8.23,981264.0,664305.0,20657388.0,16.39,20267361.0,16.09,390027.0,0.31,-14032568.0,-11.14,-6624820.0,-5.26,-4561.0,0.773,0.774,1246049008.0,963195883,963195883,2026-07-08,2026-07-08 16:11:33+08:00
159120,港股通科技ETF国联安,0.759,0.7603,0.17,0.036,4.98,449851.0,33854782.6,0.732,0.77,0.725,0.723,6.22,27.59,1.49,-21.28,282933.0,166918.0,2316649.0,6.84,-462663.0,-1.37,2779312.0,8.21,-1197420.0,-3.54,-1119230.0,-3.31,-80.0,0.759,0.76,163024466.0,123735570,123735570,2026-07-08,2026-07-08 15:34:18+08:00
517390,云计算ETF天弘,1.991,1.9993,0.42,0.094,4.96,129907.0,25837474.0,1.918,2.011,1.917,1.897,4.96,9.76,1.98,12.64,59506.0,70401.0,2433387.0,9.42,5150924.0,19.94,-2717537.0,-10.52,72705.0,0.28,-2506092.0,-9.7,-549.0,1.991,1.992,133112600.0,265027187,265027187,2026-07-08,2026-07-08 16:11:55+08:00
520980,港股通科技ETF汇添富,0.889,0.8968,0.87,0.042,4.96,7705509.0,677211095.0,0.852,0.902,0.851,0.847,6.02,22.24,1.53,18.65,4066969.0,3638540.0,27015323.0,3.99,35667408.0,5.27,-8652085.0,-1.28,-17127734.0,-2.53,-9887579.0,-1.46,-7444.0,0.889,0.89,3464387008.0,3079840050,3079840050,2026-07-08,2026-07-08 16:11:55+08:00
159729,互联网ETF汇添富,0.698,0.6935,-0.65,0.033,4.96,22947.0,1571397.7,0.666,0.698,0.666,0.665,4.81,3.35,1.04,75.32,13947.0,9000.0,-46254.0,-2.94,0.0,0.0,-46254.0,-2.94,44453.0,2.83,1801.0,0.11,101.0,0.693,0.698,68560633.0,47855322,47855322,2026-07-08,2026-07-08 15:34:24+08:00
159740,恒生科技ETF大成,0.592,0.5934,0.24,0.028,4.96,32205507.0,1883286473.582,0.566,0.598,0.566,0.564,5.67,11.34,1.66,-32.3,19381099.0,12824408.0,215140592.0,11.42,345376400.0,18.34,-130235808.0,-6.92,-156113836.0,-8.29,-59026753.0,-3.13,425801.0,0.591,0.592,28403120384.0,16814647267,16814647267,2026-07-08,2026-07-08 15:34:33+08:00
513580,恒生科技ETF华安,0.596,0.6007,0.78,0.028,4.93,3261536.0,192160802.0,0.571,0.603,0.571,0.568,5.63,4.88,1.59,3.4,1759308.0,1502228.0,23002821.0,11.97,31386423.0,16.33,-8383602.0,-4.36,-16744818.0,-8.71,-6258004.0,-3.26,-8766.0,0.596,0.597,6679118080.0,3980754376,3980754376,2026-07-08,2026-07-08 16:12:00+08:00
513890,恒生科技ETF摩根,0.919,0.9236,0.5,0.043,4.91,1275336.0,115626138.0,0.877,0.929,0.877,0.876,5.94,13.8,1.58,20.11,632569.0,642767.0,12552353.0,10.86,17912887.0,15.49,-5360534.0,-4.64,-8148151.0,-7.05,-4404202.0,-3.81,-1920.0,0.919,0.92,924128000.0,849273632,849273632,2026-07-08,2026-07-08 16:11:39+08:00
159742,恒生科技ETF博时,0.607,0.6086,0.26,0.028,4.84,6300929.0,378598699.595,0.581,0.614,0.581,0.579,5.7,9.07,2.35,-14.3,3601292.0,2699637.0,35865041.0,9.47,57171063.0,15.1,-21306022.0,-5.63,-26003532.0,-6.87,-9861509.0,-2.6,-17424.0,0.607,0.608,6944928256.0,4215571451,4215571451,2026-07-08,2026-07-08 15:34:06+08:00
513380,恒生科技ETF广发,0.544,0.5469,0.53,0.025,4.82,9182463.0,493803445.0,0.52,0.55,0.52,0.519,5.78,4.84,1.88,-29.21,5255750.0,3926713.0,40332393.0,8.17,56504029.0,11.44,-16171636.0,-3.27,-28571260.0,-5.79,-11761128.0,-2.38,-33725.0,0.544,0.545,18968784896.0,10319018983,10319018983,2026-07-08,2026-07-08 16:11:42+08:00
517130,云计算ETF嘉实,0.985,0.9885,0.35,0.045,4.79,174944.0,17159083.0,0.939,0.994,0.939,0.94,5.85,6.97,2.56,1.17,109825.0,65119.0,4875253.0,28.41,1176592.0,6.86,3698661.0,21.56,-3014093.0,-17.57,-1861160.0,-10.85,-386.0,0.984,0.985,251154000.0,247386690,247386690,2026-07-08,2026-07-08 16:11:54+08:00
520560,香港大盘30ETF华宝,0.796,0.7992,0.4,0.036,4.74,592460.0,46564860.0,0.761,0.801,0.761,0.76,5.26,8.78,4.16,2.79,333823.0,258637.0,987465.0,2.12,329929.0,0.71,657536.0,1.41,-487339.0,-1.05,-500126.0,-1.07,-1734.0,0.795,0.796,674419008.0,536837530,536837530,2026-07-08,2026-07-08 16:11:36+08:00
513180,恒生科技ETF华夏,0.599,0.6027,0.61,0.027,4.72,101880893.0,6038339282.0,0.573,0.606,0.573,0.572,5.77,14.1,2.05,-4.56,61338401.0,40542492.0,486436128.0,8.06,827255424.0,13.7,-340819296.0,-5.64,-349501251.0,-5.79,-136934937.0,-2.27,-466327.0,0.598,0.599,72241758208.0,43272813167,43272813167,2026-07-08,2026-07-08 16:11:57+08:00
510900,恒生中国企业ETF易方达,1.01,1.0088,-0.12,0.045,4.66,3476129.0,346922132.0,0.968,1.016,0.968,0.965,4.97,10.09,2.34,-58.6,1817228.0,1658901.0,-9906397.0,-2.86,-9182634.0,-2.65,-723763.0,-0.21,17116165.0,4.93,-7209767.0,-2.08,-1581.0,1.008,1.01,3445021904.0,3479472123,3479472123,2026-07-08,2026-07-08 16:11:51+08:00
520920,恒生科技ETF天弘,0.701,0.7055,0.64,0.031,4.63,5130154.0,355389418.0,0.673,0.709,0.672,0.67,5.52,2.69,1.86,-5.96,2816825.0,2313329.0,24008088.0,6.76,25575494.0,7.2,-1567406.0,-0.44,-16438769.0,-4.63,-7569317.0,-2.13,-31699.0,0.7,0.701,19099019008.0,13388412325,13388412325,2026-07-08,2026-07-08 16:11:48+08:00
513260,恒生科技ETF汇添富,1.153,1.1596,0.57,0.051,4.63,5044412.0,574186908.0,1.104,1.167,1.104,1.102,5.72,9.7,1.68,-35.88,2808706.0,2235706.0,58158710.0,10.13,48152710.0,8.39,10006000.0,1.74,-32385478.0,-5.64,-25773239.0,-4.49,-16887.0,1.153,1.154,5200242944.0,5995880114,5995880114,2026-07-08,2026-07-08 16:11:42+08:00
517200,互联网ETF嘉实,0.59,0.5915,0.25,0.026,4.61,79726.0,4655790.0,0.564,0.591,0.564,0.564,4.79,5.58,2.41,-7.78,57133.0,22593.0,30481.0,0.65,-865240.0,-18.58,895721.0,19.24,156257.0,3.36,-186738.0,-4.01,-776.0,0.589,0.59,142782000.0,84241380,84241380,2026-07-08,2026-07-08 16:11:34+08:00
513130,恒生科技ETF华泰柏瑞,0.591,0.5942,0.54,0.026,4.6,97140513.0,5679461547.0,0.565,0.597,0.565,0.565,5.66,15.23,1.94,4.01,59479496.0,37661017.0,533749344.0,9.4,914083696.0,16.09,-380334352.0,-6.7,-387432294.0,-6.82,-146316972.0,-2.58,-337890.0,0.591,0.592,63792347136.0,37701277157,37701277157,2026-07-08,2026-07-08 16:11:46+08:00
159015,恒生港股通科技ETF国联,0.911,0.9166,0.61,0.04,4.59,163624.0,14872723.818,0.881,0.928,0.881,0.871,5.4,14.31,2.21,-1.87,95206.0,68418.0,381636.0,2.57,-117926.0,-0.79,499562.0,3.36,74910.0,0.5,-456546.0,-3.07,-39.0,0.911,0.915,114352934.0,104175523,104175523,2026-07-08,2026-07-08 15:34:30+08:00
159741,恒生科技ETF嘉实,0.593,0.595,0.34,0.026,4.59,4158970.0,243856294.8,0.568,0.6,0.568,0.567,5.64,25.39,2.1,-2.81,2356269.0,1802701.0,17162219.0,7.04,29357993.0,12.04,-12195774.0,-5.0,-12526977.0,-5.14,-4635242.0,-1.9,-11093.0,0.593,0.594,1637796720.0,971213455,971213455,2026-07-08,2026-07-08 15:34:33+08:00
513010,恒生科技ETF易方达,0.618,0.6218,0.61,0.027,4.57,28502222.0,1744192193.0,0.592,0.625,0.592,0.591,5.58,6.29,2.05,16.03,16080665.0,12421557.0,147406784.0,8.45,267014016.0,15.31,-119607232.0,-6.86,-106024974.0,-6.08,-41381808.0,-2.37,-99282.0,0.617,0.618,45292306944.0,27990645691,27990645691,2026-07-08,2026-07-08 16:11:56+08:00
520570,恒生科技ETF南方,0.757,0.7616,0.6,0.033,4.56,2880712.0,215944311.0,0.725,0.766,0.723,0.724,5.94,8.2,1.73,-44.01,1387438.0,1493274.0,14156472.0,6.56,17954439.0,8.31,-3797967.0,-1.76,-10316754.0,-4.78,-3839719.0,-1.78,-6830.0,0.757,0.758,3512876000.0,2659247132,2659247132,2026-07-08,2026-07-08 16:11:47+08:00
159109,恒生50ETF景顺,0.8,0.796,-0.5,0.034,4.44,493667.0,39204408.869,0.767,0.806,0.767,0.766,5.09,6.02,0.99,-51.55,315664.0,178003.0,-7574731.0,-19.32,-605901.0,-1.55,-6968830.0,-17.78,7889309.0,20.12,-314579.0,-0.8,666.0,0.799,0.8,820163856.0,656131085,656131085,2026-07-08,2026-07-08 15:34:15+08:00
513320,港股通新经济ETF易方达,1.068,1.0696,0.15,0.045,4.4,305942.0,32358830.0,1.032,1.077,1.032,1.023,4.4,27.56,2.04,-10.1,151032.0,154910.0,-6754.0,-0.02,2660505.0,8.22,-2667259.0,-8.24,569046.0,1.76,-562294.0,-1.74,-166.0,1.066,1.068,111010600.0,118559321,118559321,2026-07-08,2026-07-08 16:11:51+08:00
159128,港股科技ETF天弘,0.721,0.7201,-0.12,0.03,4.34,2474244.0,177422195.808,0.691,0.731,0.691,0.691,5.79,12.07,1.93,19.38,1208765.0,1265479.0,5141004.0,2.9,22453926.0,12.66,-17312922.0,-9.76,-3286107.0,-1.85,-1854897.0,-1.05,-600.0,0.721,0.722,2049760848.0,1477877571,1477877571,2026-07-08,2026-07-08 15:34:15+08:00
520950,港股通50ETF摩根,0.82,0.8219,0.23,0.034,4.33,562176.0,45491050.0,0.793,0.824,0.793,0.786,3.94,16.71,1.91,-4.3,315391.0,246785.0,2039166.0,4.48,-718113.0,-1.58,2757279.0,6.06,-1197898.0,-2.63,-841267.0,-1.85,1.0,0.818,0.819,336421008.0,275865227,275865227,2026-07-08,2026-07-08 16:11:49+08:00
513560,香港科技ETF兴银,1.129,1.1267,-0.2,0.046,4.25,876062.0,98034104.0,1.086,1.137,1.086,1.083,4.71,15.86,1.95,-22.23,444932.0,431130.0,12601220.0,12.85,-5008204.0,-5.11,17609424.0,17.96,-8171068.0,-8.33,-4430150.0,-4.52,-2258.0,1.128,1.129,552386000.0,623643794,623643794,2026-07-08,2026-07-08 16:11:39+08:00
159850,恒生国企ETF华夏,0.788,0.7884,0.05,0.032,4.23,349976.0,27272872.1,0.756,0.791,0.756,0.756,4.63,6.29,2.71,26.93,197664.0,152312.0,1339457.0,4.91,5617936.0,20.6,-4278479.0,-15.69,-853172.0,-3.13,-486284.0,-1.78,104.0,0.785,0.788,556706496.0,438684719,438684719,2026-07-08,2026-07-08 15:34:45+08:00
159636,港股通科技30ETF工银,0.518,0.5192,0.23,0.021,4.23,31859542.0,1626340699.966,0.496,0.523,0.496,0.497,5.43,8.69,0.95,-0.65,16514215.0,15345327.0,173044135.0,10.64,583846160.0,35.9,-410802025.0,-25.26,-170803638.0,-10.5,-2240505.0,-0.14,-83848.0,0.518,0.519,36674501120.0,18997391580,18997391580,2026-07-08,2026-07-08 15:34:36+08:00
159750,港股科技50ETF招商,0.871,0.8714,0.05,0.035,4.19,2049255.0,177060215.1,0.838,0.88,0.838,0.836,5.02,15.46,2.17,17.23,1145793.0,903462.0,10083113.0,5.69,14761977.0,8.34,-4678864.0,-2.64,-6496939.0,-3.67,-3586174.0,-2.03,-3597.0,0.871,0.873,1325618256.0,1154613501,1154613501,2026-07-08,2026-07-08 15:34:15+08:00
513350,标普油气ETF富国,1.157,1.1196,-3.34,0.046,4.14,27154503.0,3163434504.0,1.152,1.182,1.141,1.111,3.69,337.85,8.98,-8.41,14136820.0,13017683.0,-12336864.0,-0.39,7265008.0,0.23,-19601872.0,-0.62,9675632.0,0.31,2661236.0,0.08,-169281.0,1.157,1.158,803746000.0,929934122,929934122,2026-07-08,2026-07-08 16:11:55+08:00
159856,互联网龙头ETF工银,0.582,0.5827,0.12,0.023,4.11,89504.0,5165268.8,0.561,0.586,0.561,0.559,4.47,2.51,1.91,-24.02,49681.0,39823.0,513270.0,9.94,-360023.0,-6.97,873293.0,16.91,-241727.0,-4.68,-271543.0,-5.26,250.0,0.581,0.582,356372480.0,207408783,207408783,2026-07-08,2026-07-08 15:34:24+08:00
517050,互联网ETF华泰柏瑞,0.663,0.667,0.6,0.026,4.08,73961.0,4880671.0,0.643,0.668,0.642,0.637,4.08,2.12,1.79,9.5,38453.0,35508.0,330702.0,6.78,695003.0,14.24,-364301.0,-7.46,23341.0,0.48,-354043.0,-7.25,-108.0,0.663,0.664,349605008.0,231788120,231788120,2026-07-08,2026-07-08 16:11:50+08:00
159502,标普生物科技ETF嘉实,1.703,1.6478,-3.35,0.066,4.03,3995004.0,673241526.81,1.675,1.703,1.667,1.637,2.2,35.69,0.9,-15.45,2135812.0,1859192.0,-29421838.0,-4.37,5954801.0,0.88,-35376639.0,-5.25,1023554.0,0.15,28398277.0,4.22,35536.0,1.702,1.703,1119323024.0,1906207110,1906207110,2026-07-08,2026-07-08 15:34:12+08:00
159751,港股通科技ETF鹏华,0.88,0.8789,-0.13,0.034,4.02,803312.0,70094994.0,0.849,0.888,0.849,0.846,4.61,8.14,1.71,15.75,504381.0,298931.0,14556146.0,20.77,5368578.0,7.66,9187568.0,13.11,-10592665.0,-15.11,-3963481.0,-5.65,1498.0,0.879,0.88,986629632.0,868234076,868234076,2026-07-08,2026-07-08 15:34:18+08:00
159550,互联网ETF东财,0.804,0.8004,-0.45,0.031,4.01,96863.0,7689927.8,0.772,0.81,0.771,0.773,5.05,5.33,1.41,42.6,57051.0,39812.0,480753.0,6.25,-129579.0,-1.69,610332.0,7.94,356210.0,4.63,-836963.0,-10.88,-961.0,0.804,0.805,181828785.0,146190343,146190343,2026-07-08,2026-07-08 15:34:24+08:00
159126,港股通50ETF南方,0.911,0.9067,-0.47,0.035,4.0,278420.0,25167198.512,0.875,0.913,0.875,0.876,4.34,10.48,2.77,17.15,151302.0,127118.0,640866.0,2.55,-1236917.0,-4.91,1877783.0,7.46,-347821.0,-1.38,-293046.0,-1.16,636.0,0.91,0.911,265616546.0,241976673,241976673,2026-07-08,2026-07-08 15:34:09+08:00
159191,港股通科技ETF易方达,0.91,0.9107,0.08,0.035,4.0,114158.0,10276620.497,0.875,0.92,0.875,0.875,5.14,15.0,1.18,7.7,69191.0,44967.0,1334301.0,12.98,486586.0,4.73,847715.0,8.25,-965713.0,-9.4,-368587.0,-3.59,-61.0,0.91,0.912,76104851.0,69255414,69255414,2026-07-08,2026-07-08 15:34:36+08:00
159954,恒生中国企业ETF南方,0.886,0.8883,0.26,0.034,3.99,89903.0,7915256.6,0.854,0.891,0.854,0.852,4.34,4.11,1.44,45.09,59994.0,29909.0,223582.0,2.82,2870619.0,36.27,-2647037.0,-33.44,85166.0,1.08,-308747.0,-3.9,20.0,0.885,0.886,218605083.0,193684104,193684104,2026-07-08,2026-07-08 15:34:24+08:00
159747,香港科技ETF南方,1.183,1.1852,0.19,0.045,3.95,1197080.0,139976336.319,1.138,1.196,1.138,1.138,5.1,36.53,1.85,-44.47,647553.0,549527.0,11822844.0,8.45,3695008.0,2.64,8127836.0,5.81,-9005502.0,-6.43,-2817342.0,-2.01,-996.0,1.183,1.184,327712272.0,387683618,387683618,2026-07-08,2026-07-08 15:34:12+08:00
513220,中概互联ETF招商,0.953,0.9167,-3.96,0.036,3.93,876560.0,82547361.0,0.92,0.964,0.917,0.917,5.13,15.62,1.86,-20.09,463137.0,413423.0,9946442.0,12.05,13991930.0,16.95,-4045488.0,-4.9,-4692576.0,-5.68,-5253867.0,-6.36,-6251.0,0.952,0.953,561109408.0,534737266,534737266,2026-07-08,2026-07-08 16:11:38+08:00
159269,港股通科技ETF南方,0.852,0.847,-0.59,0.032,3.9,1766865.0,148551800.0,0.821,0.858,0.82,0.82,4.63,8.56,0.94,26.14,927227.0,839638.0,-4779921.0,-3.22,-3147186.0,-2.12,-1632735.0,-1.1,2831770.0,1.91,1948150.0,1.31,-181.0,0.852,0.853,2063311712.0,1757941579,1757941579,2026-07-08,2026-07-08 15:34:39+08:00
512720,计算机ETF国泰,1.252,1.2403,-0.94,0.047,3.9,310724.0,38691165.0,1.218,1.265,1.218,1.205,3.9,7.84,0.96,10.47,186322.0,124402.0,-6007909.0,-15.53,-4019295.0,-10.39,-1988614.0,-5.14,-184461.0,-0.48,6192369.0,16.0,-4597.0,1.251,1.252,396453408.0,496359667,496359667,2026-07-08,2026-07-08 16:11:47+08:00
159125,港股通科技ETF招商,0.71,0.7115,0.21,0.026,3.8,705386.0,49566871.066,0.684,0.719,0.684,0.684,5.12,7.6,1.4,62.74,364579.0,340807.0,5547786.0,11.19,50278.0,0.1,5497508.0,11.09,-4938182.0,-9.96,-609604.0,-1.23,1089.0,0.709,0.71,928245888.0,659054580,659054580,2026-07-08,2026-07-08 15:34:06+08:00
513020,港股科技ETF国泰,0.942,0.9464,0.46,0.034,3.74,2855705.0,266068057.0,0.909,0.952,0.909,0.908,4.74,10.85,1.52,21.78,1496006.0,1359698.0,22077141.0,8.3,20208033.0,7.6,1869108.0,0.7,-16526522.0,-6.21,-5550618.0,-2.09,-11653.0,0.941,0.942,2632145408.0,2479480974,2479480974,2026-07-08,2026-07-08 16:11:33+08:00
159998,计算机ETF天弘,1.033,1.0249,-0.79,0.037,3.71,1219530.0,125419491.3,1.008,1.045,1.008,0.996,3.71,7.24,0.97,-60.3,738523.0,481007.0,-489008.0,-0.39,181799.0,0.14,-670807.0,-0.53,-3624883.0,-2.89,4113890.0,3.28,3042.0,1.032,1.033,1684655360.0,1740248987,1740248987,2026-07-08,2026-07-08 15:34:09+08:00
159101,港股通科技ETF华夏,0.733,0.7336,0.08,0.026,3.68,5237246.0,380410189.817,0.705,0.743,0.705,0.707,5.37,16.6,1.44,-6.08,2783799.0,2453447.0,23159010.0,6.09,31021656.0,8.15,-7862646.0,-2.07,-16143813.0,-4.24,-7015197.0,-1.84,-8438.0,0.733,0.734,3155311456.0,2312843297,2312843297,2026-07-08,2026-07-08 15:34:00+08:00
159711,港股通50ETF华夏,1.282,1.2829,0.07,0.045,3.64,304415.0,38522267.118,1.235,1.284,1.225,1.237,4.77,71.69,1.3,25.63,171293.0,133122.0,1017001.0,2.64,-4002678.0,-10.39,5019679.0,13.03,-925502.0,-2.4,-91500.0,-0.24,147.0,1.278,1.282,42465157.0,54440331,54440331,2026-07-08,2026-07-08 15:34:54+08:00
513980,港股科技ETF景顺,0.599,0.6063,1.2,0.021,3.63,12533059.0,745552896.0,0.579,0.606,0.579,0.578,4.67,5.49,1.49,-49.49,6382602.0,6150457.0,45426973.0,6.09,87590480.0,11.75,-42163507.0,-5.66,-39592634.0,-5.31,-5834330.0,-0.78,-17660.0,0.598,0.599,22814203904.0,13665708138,13665708138,2026-07-08,2026-07-08 16:11:37+08:00
520530,港股通科技ETF东财,0.804,0.8097,0.7,0.028,3.61,682828.0,54660539.0,0.782,0.814,0.78,0.776,4.38,26.39,1.79,22.89,377565.0,305263.0,7120667.0,13.03,6197594.0,11.34,923073.0,1.69,-3569403.0,-6.53,-3551263.0,-6.5,-8051.0,0.804,0.805,258776000.0,208055904,208055904,2026-07-08,2026-07-08 16:11:45+08:00
513190,港股通金融ETF华夏,1.698,1.7031,0.3,0.059,3.6,2954839.0,497217754.0,1.644,1.701,1.644,1.639,3.48,30.78,1.06,-52.66,1587176.0,1367663.0,13419150.0,2.7,8193038.0,1.65,5226112.0,1.05,-11041856.0,-2.22,-2377298.0,-0.48,-3195.0,1.698,1.699,959936000.0,1629971328,1629971328,2026-07-08,2026-07-08 16:11:40+08:00
513150,港股通科技ETF华泰柏瑞,0.954,0.9586,0.48,0.033,3.58,1557525.0,147331429.0,0.921,0.965,0.921,0.921,4.78,138.37,1.41,15.42,788877.0,768648.0,2900890.0,1.97,645081.0,0.44,2255809.0,1.53,-2208088.0,-1.5,-692801.0,-0.47,-584.0,0.953,0.954,112559800.0,107382049,107382049,2026-07-08,2026-07-08 16:11:52+08:00
159788,港股通100ETF易方达,1.168,1.1707,0.23,0.04,3.55,143678.0,16634232.3,1.128,1.172,1.127,1.128,3.99,15.55,1.19,-30.94,84693.0,58985.0,293044.0,1.76,-2340077.0,-14.07,2633121.0,15.83,97527.0,0.59,-390572.0,-2.35,265.0,1.163,1.168,92424965.0,107952359,107952359,2026-07-08,2026-07-08 15:34:27+08:00
159251,港股通科技ETF万家,0.763,0.7633,0.04,0.026,3.53,277790.0,21038109.2,0.738,0.773,0.737,0.737,4.88,11.21,1.33,43.54,160090.0,117700.0,1235937.0,5.87,-611097.0,-2.9,1847034.0,8.78,-352203.0,-1.67,-883735.0,-4.2,-40.0,0.763,0.766,247787744.0,189062049,189062049,2026-07-08,2026-07-08 15:34:09+08:00
159131,港股通信息技术ETF华宝,1.015,1.0122,-0.28,0.034,3.47,27709399.0,2806452351.993,0.994,1.036,0.982,0.981,5.5,155.5,1.38,-41.76,14733144.0,12976255.0,89535184.0,3.19,85882688.0,3.06,3652496.0,0.13,-69698080.0,-2.48,-19837093.0,-0.71,61183.0,1.014,1.015,1781919904.0,1808648703,1808648703,2026-07-08,2026-07-08 15:34:27+08:00
513990,港股通ETF招商,1.078,1.0765,-0.14,0.036,3.45,733314.0,78840851.0,1.043,1.085,1.043,1.042,4.03,111.11,3.41,-61.15,355267.0,378047.0,3814576.0,4.84,20525910.0,26.03,-16711334.0,-21.2,-3360215.0,-4.26,-454360.0,-0.58,-6363.0,1.077,1.078,66000000.0,71148000,71148000,2026-07-08,2026-07-08 16:11:32+08:00
513550,港股通50ETF华泰柏瑞,1.086,1.0855,-0.05,0.036,3.43,1276148.0,138139664.0,1.056,1.102,1.052,1.05,4.76,7.99,3.17,1.42,690995.0,585153.0,844774.0,0.61,9114.0,0.01,835660.0,0.6,-1044470.0,-0.76,199695.0,0.14,-850.0,1.085,1.086,1596992000.0,1734333312,1734333312,2026-07-08,2026-07-08 16:11:48+08:00
520960,恒指港股通ETF嘉实,0.88,0.8802,0.02,0.029,3.41,39675.0,3473518.0,0.859,0.882,0.859,0.851,2.7,5.96,0.95,-21.59,20584.0,19091.0,511994.0,14.74,224752.0,6.47,287242.0,8.27,-357325.0,-10.29,-154669.0,-4.45,-226.0,0.878,0.88,66603400.0,58610992,58610992,2026-07-08,2026-07-08 16:11:43+08:00
159852,软件ETF嘉实,0.68,0.6793,-0.1,0.022,3.34,7652685.0,517681801.881,0.662,0.686,0.661,0.658,3.8,6.68,1.47,-27.63,4894801.0,2757885.0,66177728.0,12.78,105198542.0,20.32,-39020814.0,-7.54,-42854012.0,-8.28,-23323715.0,-4.51,-86289.0,0.68,0.681,11448623872.0,7785064233,7785064233,2026-07-08,2026-07-08 15:34:12+08:00
520770,恒指港股通ETF建信,0.902,0.8998,-0.24,0.029,3.32,30908.0,2768656.0,0.881,0.905,0.881,0.873,2.75,1.48,0.35,2.64,7210.0,23698.0,472624.0,17.07,0.0,0.0,472624.0,17.07,-414459.0,-14.97,-58165.0,-2.1,-1.0,0.899,0.902,209373800.0,188855168,188855168,2026-07-08,2026-07-08 16:11:51+08:00
520940,港股通恒生ETF华安,0.964,0.9671,0.32,0.031,3.32,110224.0,10529506.0,0.924,0.966,0.924,0.933,4.5,47.31,1.16,-24.06,53242.0,56982.0,-187053.0,-1.78,-705333.0,-6.7,518280.0,4.92,158874.0,1.51,28180.0,0.27,-12.0,0.964,0.966,23297000.0,22458308,22458308,2026-07-08,2026-07-08 16:11:51+08:00
520860,港股通科技ETF富国,0.78,0.7849,0.62,0.025,3.31,617095.0,47990996.0,0.752,0.791,0.752,0.755,5.17,18.09,1.95,8.86,314290.0,302805.0,3103108.0,6.47,2421822.0,5.05,681286.0,1.42,-2594314.0,-5.41,-508794.0,-1.06,-3.0,0.78,0.782,341195008.0,266132106,266132106,2026-07-08,2026-07-08 16:11:51+08:00
526030,港股通信息技术ETF汇添富,0.913,0.9198,0.74,0.029,3.28,1388131.0,128564389.0,0.892,0.969,0.884,0.884,9.62,86.51,5.78,17.1,700657.0,687475.0,-4914756.0,-3.82,-1304616.0,-1.01,-3610140.0,-2.81,3370691.0,2.62,1544065.0,1.2,-5218.0,0.912,0.913,160465000.0,146504545,146504545,2026-07-08,2026-07-08 16:11:44+08:00
159312,恒指港股通ETF广发,1.136,1.1354,-0.05,0.036,3.27,161445.0,18271455.5,1.103,1.138,1.103,1.1,3.18,42.24,2.37,-13.73,47529.0,113916.0,1790102.0,9.8,7388102.0,40.44,-5598000.0,-30.64,-1550715.0,-8.49,-239387.0,-1.31,866.0,1.135,1.136,38224353.0,43422865,43422865,2026-07-08,2026-07-08 15:34:42+08:00
513860,港股通科技ETF海富通,0.6,0.6076,1.25,0.019,3.27,3740365.0,223336814.0,0.581,0.608,0.581,0.581,4.65,9.08,1.41,-46.41,1728558.0,2011807.0,13774522.0,6.17,33279097.0,14.9,-19504575.0,-8.73,-12442646.0,-5.57,-1331876.0,-0.6,-1444.0,0.599,0.6,4121470608.0,2472882365,2472882365,2026-07-08,2026-07-08 16:12:01+08:00
526000,港股通信息技术ETF华夏,1.248,1.2525,0.36,0.039,3.23,6362940.0,792215861.0,1.221,1.275,1.209,1.209,5.46,593.88,1.57,-8.68,3195963.0,3166977.0,5147305.0,0.65,20032073.0,2.53,-14884768.0,-1.88,-5226430.0,-0.66,79119.0,0.01,-5850.0,1.247,1.248,107142000.0,133713216,133713216,2026-07-08,2026-07-08 16:11:50+08:00
562930,软件ETF易方达,0.704,0.7023,-0.24,0.022,3.23,636914.0,44541912.0,0.682,0.71,0.682,0.682,4.11,5.04,1.08,2.63,373085.0,263829.0,3708468.0,8.33,113268.0,0.25,3595200.0,8.07,-2206369.0,-4.95,-1502100.0,-3.37,-4943.0,0.703,0.704,1263437008.0,889459654,889459654,2026-07-08,2026-07-08 16:11:38+08:00
562570,信创ETF华夏,1.49,1.4852,-0.32,0.046,3.19,172869.0,25572008.0,1.451,1.504,1.44,1.444,4.43,6.0,0.99,4.82,96662.0,76207.0,1683293.0,6.58,1258103.0,4.92,425190.0,1.66,-757663.0,-2.96,-925630.0,-3.62,-485.0,1.489,1.49,288281008.0,429538702,429538702,2026-07-08,2026-07-08 16:11:38+08:00
513600,恒生指数ETF南方,2.651,2.6594,0.32,0.082,3.19,1114282.0,293058705.0,2.572,2.668,2.572,2.569,3.74,19.49,1.52,-3.52,543139.0,571143.0,13361435.0,4.56,7895012.0,2.69,5466423.0,1.87,-9370917.0,-3.2,-3990519.0,-1.36,-1700.0,2.651,2.652,571829504.0,1515920015,1515920015,2026-07-08,2026-07-08 16:11:39+08:00
588170,科创半导体ETF华夏,1.271,1.2465,-1.97,0.039,3.17,58035669.0,7262920356.0,1.232,1.306,1.19,1.232,9.42,27.18,2.05,77.74,28838523.0,29197146.0,-486492064.0,-6.7,-770371568.0,-10.61,283879504.0,3.91,276388768.0,3.81,210103312.0,2.89,-427585.0,1.271,1.272,21351447040.0,27137689188,27137689188,2026-07-08,2026-07-08 16:12:00+08:00
159960,恒生中国企业ETF平安,0.815,0.8117,-0.41,0.025,3.16,267027.0,21675225.1,0.794,0.819,0.794,0.79,3.16,15.56,2.37,-7.0,184782.0,82245.0,-204135.0,-0.94,-2697249.0,-12.44,2493114.0,11.5,216302.0,1.0,-12167.0,-0.06,-70.0,0.815,0.817,171573960.0,139832777,139832777,2026-07-08,2026-07-08 15:34:24+08:00
513660,恒生ETF华夏,1.439,1.4419,0.2,0.044,3.15,1131015.0,161639174.0,1.397,1.448,1.396,1.395,3.73,5.13,1.18,37.12,606802.0,524213.0,-25705463.0,-15.9,-3661351.0,-2.27,-22044112.0,-13.64,26907613.0,16.65,-1202152.0,-0.74,-4357.0,1.438,1.439,2206000208.0,3174434299,3174434299,2026-07-08,2026-07-08 16:11:43+08:00
526070,恒指港股通ETF博时,0.95,0.9524,0.25,0.029,3.15,118726.0,11195338.0,0.921,0.953,0.921,0.921,3.47,12.19,1.43,-14.14,74169.0,44557.0,327582.0,2.93,1477041.0,13.19,-1149459.0,-10.27,-253496.0,-2.26,-74086.0,-0.66,-1.0,0.943,0.95,97377000.0,92508150,92508150,2026-07-08,2026-07-08 16:11:33+08:00
560360,软件ETF万家,1.218,1.2201,0.17,0.037,3.13,83660.0,10088104.0,1.18,1.229,1.18,1.181,4.15,4.16,1.66,11.47,53485.0,30175.0,-1156804.0,-11.47,-185490.0,-1.84,-971314.0,-9.63,1825039.0,18.09,-668236.0,-6.62,-261.0,1.217,1.218,201345000.0,245238210,245238210,2026-07-08,2026-07-08 16:11:46+08:00
520820,恒指港股通ETF汇添富,0.89,0.8917,0.19,0.027,3.13,20246.0,1798458.0,0.871,0.894,0.87,0.863,2.78,3.04,1.11,-1.06,14664.0,5582.0,376851.0,20.95,711199.0,39.54,-334348.0,-18.59,-286481.0,-15.93,-90371.0,-5.02,1.0,0.889,0.89,66682000.0,59346980,59346980,2026-07-08,2026-07-08 16:11:54+08:00
159365,恒指港股通ETF富国,0.958,0.9573,-0.07,0.029,3.12,55436.0,5278059.7,0.938,0.962,0.938,0.929,2.58,10.24,1.2,28.31,32929.0,22507.0,554371.0,10.5,637749.0,12.08,-83378.0,-1.58,-447677.0,-8.48,-106694.0,-2.02,2.0,0.957,0.958,54162398.0,51887577,51887577,2026-07-08,2026-07-08 15:34:27+08:00
159318,恒指港股通ETF银华,1.259,1.2588,-0.02,0.038,3.11,43716.0,5429322.6,1.228,1.263,1.228,1.221,2.87,24.84,1.63,55.64,26897.0,16819.0,745630.0,13.73,0.0,0.0,745630.0,13.73,-676150.0,-12.45,-69480.0,-1.28,1.0,1.255,1.259,17601647.0,22160474,22160474,2026-07-08,2026-07-08 15:34:09+08:00
159198,港股通信息技术ETF富国,1.301,1.2979,-0.24,0.039,3.09,1823631.0,237153841.352,1.273,1.331,1.263,1.262,5.39,206.42,1.27,-24.78,928132.0,895499.0,4062839.0,1.71,-1599752.0,-0.67,5662591.0,2.39,-4334356.0,-1.83,271518.0,0.11,2410.0,1.3,1.301,88344347.0,114935995,114935995,2026-07-08,2026-07-08 15:34:39+08:00
520710,港股通信息技术ETF广发,0.951,0.9575,0.68,0.028,3.03,923266.0,87791038.0,0.944,0.973,0.923,0.923,5.42,111.2,1.51,-0.02,465862.0,457404.0,7813037.0,8.9,2566983.0,2.92,5246054.0,5.98,-6636685.0,-7.56,-1176352.0,-1.34,-646.0,0.951,0.952,83029000.0,78960579,78960579,2026-07-08,2026-07-08 16:11:45+08:00
159196,港股通信息技术ETF易方达,1.296,1.2911,-0.38,0.038,3.02,4725035.0,611093829.706,1.27,1.325,1.256,1.258,5.48,239.21,1.13,-10.5,2411831.0,2313204.0,23176337.0,3.79,14542561.0,2.38,8633776.0,1.41,-17361276.0,-2.84,-5815060.0,-0.95,4179.0,1.295,1.296,197530324.0,255999300,255999300,2026-07-08,2026-07-08 15:34:42+08:00
159271,恒生ETF鹏华,0.928,0.925,-0.32,0.027,3.0,103020.0,9507163.1,0.92,0.933,0.904,0.901,3.22,2.89,1.83,46.57,63716.0,39304.0,-497695.0,-5.23,0.0,0.0,-497695.0,-5.23,-793875.0,-8.35,1291570.0,13.59,-67.0,0.928,0.93,356386736.0,330726891,330726891,2026-07-08,2026-07-08 15:34:42+08:00
159302,港股高股息ETF银华,1.239,1.2332,-0.47,0.036,2.99,206150.0,25362568.9,1.21,1.239,1.21,1.203,2.41,36.3,2.61,23.03,130778.0,75372.0,1012158.0,3.99,-2117690.0,-8.35,3129848.0,12.34,-723042.0,-2.85,-289116.0,-1.14,1.0,1.237,1.239,56797609.0,70372238,70372238,2026-07-08,2026-07-08 15:34:06+08:00
560790,软件ETF鹏华,0.83,0.8295,-0.06,0.024,2.98,34325.0,2836810.0,0.812,0.838,0.81,0.806,3.47,1.48,0.86,-14.01,19807.0,14518.0,659643.0,23.25,0.0,0.0,659643.0,23.25,-548381.0,-19.33,-111262.0,-3.92,-11.0,0.831,0.832,231455900.0,192108397,192108397,2026-07-08,2026-07-08 16:11:55+08:00
588710,科创半导体设备ETF华泰柏瑞,3.928,3.8489,-2.06,0.113,2.96,5570951.0,2164025702.0,3.809,4.038,3.662,3.815,9.86,33.47,1.44,30.76,2674841.0,2896110.0,-205017120.0,-9.47,-226013072.0,-10.44,20995952.0,0.97,121685840.0,5.62,83331284.0,3.85,-45363.0,3.928,3.929,1664295008.0,6537350791,6537350791,2026-07-08,2026-07-08 16:11:54+08:00
159185,港股通信息技术ETF鹏华,1.155,1.1525,-0.22,0.033,2.94,3512716.0,404718639.472,1.134,1.181,1.122,1.122,5.26,180.98,1.35,49.37,1829895.0,1682821.0,9832658.0,2.43,9104987.0,2.25,727671.0,0.18,-8906438.0,-2.2,-926221.0,-0.23,-4297.0,1.155,1.156,194099035.0,224184385,224184385,2026-07-08,2026-07-08 15:34:33+08:00
513140,港股通金融ETF华泰柏瑞,1.612,1.6158,0.24,0.046,2.94,603929.0,96776654.0,1.565,1.616,1.565,1.566,3.26,72.44,1.21,-36.83,312479.0,291450.0,510457.0,0.53,-2624432.0,-2.71,3134889.0,3.24,-738168.0,-0.76,227711.0,0.24,-33.0,1.611,1.612,83368000.0,134389216,134389216,2026-07-08,2026-07-08 16:11:45+08:00
159712,港股通50ETF国泰,1.193,1.1938,0.07,0.034,2.93,217034.0,25677827.8,1.156,1.2,1.156,1.159,3.8,21.97,1.0,2.39,112659.0,104375.0,1503000.0,5.85,986325.0,3.84,516675.0,2.01,-1108661.0,-4.32,-394338.0,-1.54,167.0,1.191,1.193,98778813.0,117843124,117843124,2026-07-08,2026-07-08 15:34:15+08:00
513210,恒生ETF易方达,1.443,1.4505,0.52,0.041,2.92,142588.0,20432997.0,1.404,1.453,1.404,1.402,3.5,31.73,1.38,14.4,76823.0,65765.0,967607.0,4.74,189014.0,0.93,778593.0,3.81,-550510.0,-2.69,-417099.0,-2.04,-1667.0,1.443,1.444,44942000.0,64851306,64851306,2026-07-08,2026-07-08 16:11:59+08:00
588370,科创50增强ETF南方,2.15,2.0976,-2.5,0.061,2.92,75947.0,16151885.0,2.087,2.16,2.047,2.089,5.41,13.03,1.23,-36.64,38114.0,37833.0,862725.0,5.34,5626839.0,34.84,-4764114.0,-29.5,-529989.0,-3.28,-332736.0,-2.06,-2903.0,2.15,2.154,58272000.0,125284800,125284800,2026-07-08,2026-07-08 16:11:51+08:00
513910,港股通央企红利ETF华夏,1.467,1.4621,-0.34,0.041,2.88,1455076.0,211804017.0,1.442,1.47,1.432,1.426,2.66,7.18,0.85,5.44,730250.0,724826.0,2079218.0,0.98,7901206.0,3.73,-5821988.0,-2.75,-364534.0,-0.17,-1714683.0,-0.81,-1410.0,1.467,1.468,2025276000.0,2971079892,2971079892,2026-07-08,2026-07-08 16:11:46+08:00
159518,标普油气ETF嘉实,1.074,1.0675,-0.61,0.03,2.87,11693926.0,1255814006.362,1.074,1.083,1.064,1.044,1.82,67.9,5.71,-4.06,6388459.0,5305467.0,-49531152.0,-3.94,-44722912.0,-3.56,-4808240.0,-0.38,39056345.0,3.11,10474811.0,0.83,-96566.0,1.074,1.075,1722325376.0,1849777454,1849777454,2026-07-08,2026-07-08 15:34:09+08:00
159920,恒生ETF华夏,1.432,1.4353,0.23,0.04,2.87,3764601.0,535569050.05,1.394,1.441,1.394,1.392,3.38,6.0,1.2,54.47,2059550.0,1705051.0,35325229.0,6.6,2127908.0,0.4,33197321.0,6.2,-16381597.0,-3.06,-18943632.0,-3.54,-13849.0,1.432,1.433,6269559296.0,8978008912,8978008912,2026-07-08,2026-07-08 15:34:51+08:00
159519,港股国企ETF国泰,1.692,1.6978,0.34,0.047,2.86,429170.0,72179502.4,1.646,1.699,1.646,1.645,3.22,65.87,0.85,-6.7,231967.0,197203.0,-192764.0,-0.27,1142232.0,1.58,-1334996.0,-1.85,357341.0,0.5,-164577.0,-0.23,188.0,1.691,1.692,65157854.0,110247089,110247089,2026-07-08,2026-07-08 15:34:00+08:00
513810,港股国企ETF华夏,1.665,1.6676,0.16,0.046,2.84,350460.0,58195128.0,1.619,1.673,1.619,1.619,3.34,87.63,1.61,-1.24,176582.0,173878.0,-1121065.0,-1.93,-2713596.0,-4.66,1592531.0,2.74,1045820.0,1.8,75245.0,0.13,-47.0,1.665,1.667,39992000.0,66586680,66586680,2026-07-08,2026-07-08 16:11:56+08:00
159590,软件ETF汇添富,0.87,0.8685,-0.17,0.024,2.84,487979.0,42136616.1,0.848,0.875,0.845,0.846,3.55,7.54,1.13,18.74,318846.0,169133.0,2607884.0,6.19,8063877.0,19.14,-5455993.0,-12.95,-1172850.0,-2.78,-1435034.0,-3.41,2387.0,0.869,0.87,646861744.0,562769717,562769717,2026-07-08,2026-07-08 15:34:21+08:00
159899,软件ETF招商,0.693,0.6905,-0.36,0.019,2.82,253044.0,17410392.4,0.673,0.697,0.673,0.674,3.56,3.09,1.01,-22.35,145783.0,107261.0,869046.0,4.99,2522731.0,14.49,-1653685.0,-9.5,-244131.0,-1.4,-624915.0,-3.59,1500.0,0.692,0.693,818977728.0,567551566,567551566,2026-07-08,2026-07-08 15:34:51+08:00
513690,港股红利ETF博时,1.068,1.0682,0.02,0.029,2.79,3048899.0,323578018.0,1.041,1.071,1.041,1.039,2.89,8.8,1.93,-1.45,1790147.0,1258752.0,2476168.0,0.77,7896980.0,2.44,-5420812.0,-1.68,-1952382.0,-0.6,-523785.0,-0.16,-1691.0,1.067,1.068,3464979904.0,3700598537,3700598537,2026-07-08,2026-07-08 16:11:59+08:00
159035,软件ETF天弘,0.817,0.816,-0.12,0.022,2.77,110197.0,8964217.9,0.797,0.826,0.794,0.795,4.03,3.12,1.1,51.93,78169.0,32028.0,-822991.0,-9.18,-1390226.0,-15.51,567235.0,6.33,826070.0,9.22,-3079.0,-0.03,69.0,0.816,0.817,352859728.0,288286398,288286398,2026-07-08,2026-07-08 15:34:39+08:00
526050,港股通信息技术ETF招商,1.123,1.1332,0.9,0.03,2.74,1656042.0,185946946.0,1.103,1.152,1.093,1.093,5.4,297.69,1.43,-60.08,839269.0,816773.0,3622117.0,1.95,-524221.0,-0.28,4146338.0,2.23,-3460054.0,-1.86,-162064.0,-0.09,-7426.0,1.122,1.123,55630000.0,62472490,62472490,2026-07-08,2026-07-08 16:11:35+08:00
560850,信创ETF汇添富,1.481,1.4815,0.03,0.039,2.7,75039.0,11041824.0,1.45,1.495,1.434,1.442,4.23,9.98,1.27,-22.87,29241.0,45798.0,-84909.0,-0.77,0.0,0.0,-84909.0,-0.77,342388.0,3.1,-257478.0,-2.33,-6.0,1.481,1.483,75164000.0,111317884,111317884,2026-07-08,2026-07-08 16:11:37+08:00
589020,科创半导体设备ETF鹏华,3.08,3.0299,-1.65,0.081,2.7,3215785.0,979216996.0,2.999,3.173,2.889,2.999,9.47,33.28,0.96,74.91,1648791.0,1566994.0,-50496061.0,-5.16,-48324189.0,-4.93,-2171872.0,-0.22,12492664.0,1.28,38003386.0,3.88,-29588.0,3.08,3.081,966219008.0,2975954545,2975954545,2026-07-08,2026-07-08 16:11:51+08:00
159107,创业板软件ETF富国,0.77,0.7688,-0.16,0.02,2.67,470577.0,36069545.365,0.752,0.778,0.751,0.75,3.6,7.31,0.9,43.16,259367.0,211210.0,1588269.0,4.4,878214.0,2.43,710055.0,1.97,-487799.0,-1.35,-1100471.0,-3.05,1034.0,0.769,0.77,643823008.0,495743716,495743716,2026-07-08,2026-07-08 15:34:12+08:00
513170,恒生央企ETF鹏华,1.513,1.517,0.26,0.039,2.65,37633.0,5665924.0,1.478,1.517,1.478,1.474,2.65,1.84,0.85,1.17,24333.0,13300.0,533335.0,9.41,0.0,0.0,533335.0,9.41,-440317.0,-7.77,-93018.0,-1.64,-1.0,1.513,1.514,204573000.0,309518949,309518949,2026-07-08,2026-07-08 16:12:01+08:00
159726,港股通高股息ETF华夏,1.28,1.2823,0.18,0.033,2.65,181099.0,23121500.3,1.251,1.287,1.251,1.247,2.89,6.71,1.43,-60.16,89224.0,91875.0,420683.0,1.82,486794.0,2.11,-66111.0,-0.29,-219849.0,-0.95,-200833.0,-0.87,88.0,1.278,1.28,269911376.0,345486561,345486561,2026-07-08,2026-07-08 15:34:27+08:00
159277,港股通红利ETF富国,0.928,0.9247,-0.36,0.024,2.65,153421.0,14153940.2,0.905,0.929,0.901,0.904,3.1,36.05,1.77,-56.3,92564.0,60857.0,750602.0,5.3,0.0,0.0,750602.0,5.3,-547470.0,-3.87,-203132.0,-1.44,8.0,0.925,0.928,42557011.0,39492906,39492906,2026-07-08,2026-07-08 15:34:51+08:00
159331,红利港股ETF国泰,1.217,1.2129,-0.34,0.031,2.61,180483.0,21812364.7,1.189,1.218,1.189,1.186,2.45,11.52,2.53,-5.46,115757.0,64726.0,2762301.0,12.66,0.0,0.0,2762301.0,12.66,-1210405.0,-5.55,-1551897.0,-7.11,858.0,1.215,1.217,156694179.0,190696816,190696816,2026-07-08,2026-07-08 15:34:15+08:00
513240,港股通信息技术ETF华安,1.072,1.0786,0.61,0.027,2.58,2138751.0,228610176.0,1.058,1.097,1.042,1.045,5.26,253.12,1.34,-4.23,1052497.0,1086254.0,3246592.0,1.42,-3083097.0,-1.35,6329689.0,2.77,-3626924.0,-1.59,380332.0,0.17,-1783.0,1.072,1.073,84496000.0,90579712,90579712,2026-07-08,2026-07-08 16:11:46+08:00
159036,软件开发ETF华宝,0.92,0.9194,-0.07,0.023,2.56,221879.0,20291574.548,0.905,0.925,0.894,0.897,3.46,6.61,0.77,-4.09,115648.0,106231.0,1298537.0,6.4,1854978.0,9.14,-556441.0,-2.74,-1240390.0,-6.11,-58148.0,-0.29,207.0,0.919,0.92,335740160.0,308880947,308880947,2026-07-08,2026-07-08 15:34:48+08:00
515230,软件ETF国泰,0.681,0.6795,-0.22,0.017,2.56,2775170.0,187902864.0,0.664,0.687,0.663,0.664,3.61,3.92,1.2,-24.25,1559641.0,1215529.0,26097845.0,13.89,35376952.0,18.83,-9279107.0,-4.94,-16433390.0,-8.75,-9664455.0,-5.14,-23673.0,0.681,0.682,7077690880.0,4819907489,4819907489,2026-07-08,2026-07-08 16:12:01+08:00
159981,能源化工ETF建信,1.446,1.4462,0.01,0.036,2.55,3473484.0,501965009.681,1.432,1.458,1.431,1.41,1.91,20.03,1.78,72.62,1869646.0,1603838.0,-14893094.0,-2.97,-25150431.0,-5.01,10257337.0,2.04,16337487.0,3.25,-1444393.0,-0.29,-11202.0,1.446,1.447,1734536960.0,2508140444,2508140444,2026-07-08,2026-07-08 15:34:33+08:00
520990,港股央企红利ETF景顺,0.927,0.9259,-0.12,0.023,2.54,2051523.0,189445709.0,0.911,0.928,0.911,0.904,1.88,5.67,1.39,9.75,1134821.0,916702.0,-3885891.0,-2.05,-2902930.0,-1.53,-982961.0,-0.52,2013998.0,1.06,1871892.0,0.99,-1384.0,0.927,0.928,3615470496.0,3351541150,3351541150,2026-07-08,2026-07-08 16:11:49+08:00
159068,软件ETF华夏,0.982,0.9823,0.03,0.024,2.51,531506.0,51670602.917,0.956,0.995,0.956,0.958,4.07,21.06,,-36.77,264214.0,267293.0,4249719.0,8.22,8549660.0,16.55,-4299941.0,-8.32,-3929153.0,-7.6,-320565.0,-0.62,-200.0,0.983,0.984,252336570.0,247794512,247794512,2026-07-08,2026-07-08 15:34:54+08:00
159266,港股央企红利ETF永赢,0.909,0.9108,0.2,0.022,2.48,138898.0,12562456.7,0.888,0.911,0.888,0.887,2.59,3.59,0.67,-0.1,72039.0,66859.0,814766.0,6.49,582284.0,4.64,232482.0,1.85,-707863.0,-5.63,-106901.0,-0.85,2.0,0.908,0.909,386710096.0,351519477,351519477,2026-07-08,2026-07-08 15:34:21+08:00
513830,港股通高股息ETF嘉实,1.122,1.1218,-0.02,0.027,2.47,69412.0,7761530.0,1.1,1.125,1.1,1.095,2.28,12.33,2.38,3.29,36921.0,32491.0,517195.0,6.66,0.0,0.0,517195.0,6.66,-377232.0,-4.86,-139963.0,-1.8,-16.0,1.122,1.123,56311000.0,63180942,63180942,2026-07-08,2026-07-08 16:11:57+08:00
513900,港股通100ETF华安,0.956,0.9608,0.5,0.023,2.47,129766.0,12294523.0,0.933,0.961,0.933,0.933,3.0,10.82,0.6,4.85,67214.0,62552.0,746783.0,6.07,658978.0,5.36,87805.0,0.71,-489097.0,-3.98,-257686.0,-2.1,-4.0,0.954,0.956,119978000.0,114698968,114698968,2026-07-08,2026-07-08 16:12:00+08:00
159586,计算机ETF南方,1.042,1.0406,-0.13,0.025,2.46,60144.0,6225471.1,1.028,1.049,1.015,1.017,3.34,2.75,0.66,-7.75,32639.0,27505.0,456426.0,7.33,441311.0,7.09,15115.0,0.24,-401480.0,-6.45,-54946.0,-0.88,616.0,1.041,1.042,219025923.0,228225012,228225012,2026-07-08,2026-07-08 15:34:39+08:00
588480,科创创业人工智能ETF中金,1.086,1.074,-1.12,0.026,2.45,117709.0,12777875.0,1.067,1.11,1.061,1.06,4.62,6.41,0.88,27.4,80727.0,36982.0,3580443.0,28.02,0.0,0.0,3580443.0,28.02,-2664650.0,-20.85,-915794.0,-7.17,-322.0,1.083,1.086,183717000.0,199516662,199516662,2026-07-08,2026-07-08 16:11:51+08:00
561460,人工智能ETF天弘,0.949,0.9413,-0.82,0.022,2.37,364804.0,34607065.0,0.934,0.967,0.929,0.927,4.1,9.39,1.23,-36.45,208656.0,156148.0,6047652.0,17.48,9300289.0,26.87,-3252637.0,-9.4,-5407450.0,-15.63,-640201.0,-1.85,-1263.0,0.948,0.949,388520000.0,368705480,368705480,2026-07-08,2026-07-08 16:11:36+08:00
159327,半导体设备ETF万家,4.299,4.2244,-1.77,0.099,2.36,907311.0,382014777.172,4.2,4.411,4.05,4.2,8.6,15.63,0.9,-34.15,346526.0,560785.0,41807196.0,10.94,76919926.0,20.14,-35112730.0,-9.19,-34917158.0,-9.14,-6890037.0,-1.8,10837.0,4.298,4.299,580524704.0,2495675702,2495675702,2026-07-08,2026-07-08 15:34:12+08:00
159143,港股通央企红利ETF平安,0.915,0.9121,-0.32,0.021,2.35,38900.0,3539115.7,0.893,0.915,0.893,0.894,2.46,7.0,0.7,-26.47,21040.0,17860.0,-235556.0,-6.66,0.0,0.0,-235556.0,-6.66,182937.0,5.17,52619.0,1.49,1.0,0.911,0.915,55554456.0,50832327,50832327,2026-07-08,2026-07-08 15:34:39+08:00
520810,港股通红利ETF易方达,0.963,0.9636,0.06,0.022,2.34,188793.0,18203990.0,0.946,0.969,0.942,0.941,2.87,6.78,3.26,16.47,115074.0,73719.0,-188769.0,-1.04,-1304507.0,-7.17,1115738.0,6.13,-497743.0,-2.73,686512.0,3.77,-2508.0,0.963,0.965,278360000.0,268060680,268060680,2026-07-08,2026-07-08 16:11:39+08:00
159793,线上消费ETF平安,0.799,0.7999,0.11,0.018,2.3,14889.0,1184326.8,0.777,0.803,0.773,0.781,3.84,3.74,1.77,96.59,10334.0,4555.0,362170.0,30.58,0.0,0.0,362170.0,30.58,-379404.0,-32.04,17235.0,1.46,-328.0,0.799,0.803,39758908.0,31767367,31767367,2026-07-08,2026-07-08 15:34:54+08:00
159127,港股通红利ETF南方,0.895,0.8959,0.1,0.02,2.29,273115.0,24383115.179,0.875,0.897,0.875,0.875,2.51,14.09,1.37,-9.58,152764.0,120351.0,1286812.0,5.28,-1147974.0,-4.71,2434786.0,9.99,-941972.0,-3.86,-344839.0,-1.41,6.0,0.894,0.895,193844268.0,173490620,173490620,2026-07-08,2026-07-08 15:34:12+08:00
159281,港股央企红利ETF天弘,0.892,0.8955,0.39,0.02,2.29,721805.0,64107492.587,0.87,0.895,0.87,0.872,2.87,24.7,0.74,-19.81,378666.0,343139.0,1924398.0,3.0,2927563.0,4.57,-1003165.0,-1.56,-1477461.0,-2.3,-446938.0,-0.7,-50.0,0.892,0.894,292233056.0,260671886,260671886,2026-07-08,2026-07-08 15:34:24+08:00
517900,银行AH优选ETF招商,1.434,1.4366,0.18,0.032,2.28,213576.0,30435701.0,1.403,1.434,1.398,1.402,2.57,4.45,1.0,-65.59,133696.0,79880.0,2311087.0,7.59,324864.0,1.07,1986223.0,6.53,-1738960.0,-5.71,-572127.0,-1.88,-912.0,1.433,1.434,479993504.0,688310685,688310685,2026-07-08,2026-07-08 16:11:53+08:00
513750,港股通非银ETF广发,1.483,1.4879,0.33,0.033,2.28,6638727.0,980166124.0,1.455,1.488,1.455,1.45,2.28,6.98,1.02,-31.88,3319454.0,3319273.0,29934288.0,3.05,19392416.0,1.98,10541872.0,1.08,550298.0,0.06,-30484577.0,-3.11,-12084.0,1.482,1.483,9513338112.0,14108280420,14108280420,2026-07-08,2026-07-08 16:11:58+08:00
159569,港股红利低波ETF景顺,1.304,1.2999,-0.32,0.029,2.27,533021.0,69127227.5,1.275,1.307,1.275,1.275,2.51,15.95,0.95,-12.97,287415.0,245606.0,3618030.0,5.23,4740526.0,6.86,-1122496.0,-1.62,-2563137.0,-3.71,-1054893.0,-1.53,1089.0,1.303,1.304,334147248.0,435728011,435728011,2026-07-08,2026-07-08 15:34:48+08:00
159333,港股央企红利ETF万家,1.277,1.2797,0.21,0.028,2.24,185589.0,23588935.5,1.255,1.281,1.252,1.249,2.32,8.59,1.2,71.01,95928.0,89661.0,-1283519.0,-5.44,0.0,0.0,-1283519.0,-5.44,1627228.0,6.9,-343709.0,-1.46,-634.0,1.277,1.278,215952835.0,275771770,275771770,2026-07-08,2026-07-08 15:34:48+08:00
159256,创业板软件ETF华夏,0.846,0.8451,-0.11,0.018,2.17,623266.0,52553599.2,0.825,0.857,0.825,0.828,3.86,14.32,0.87,-3.35,339134.0,284132.0,1700937.0,3.24,1831101.0,3.48,-130164.0,-0.25,-1082171.0,-2.06,-618765.0,-1.18,-1542.0,0.846,0.847,435183760.0,368165461,368165461,2026-07-08,2026-07-08 15:34:36+08:00
520900,港股通红利ETF广发,0.945,0.9449,-0.01,0.02,2.16,1089078.0,102622411.0,0.928,0.947,0.928,0.925,2.05,6.36,1.24,8.62,549563.0,539515.0,16585337.0,16.16,7693149.0,7.5,8892188.0,8.66,-15987583.0,-15.58,-597754.0,-0.58,-4119.0,0.945,0.946,1713175008.0,1618950383,1618950383,2026-07-08,2026-07-08 16:11:44+08:00
561010,软件ETF华安,0.855,0.8536,-0.16,0.018,2.15,89067.0,7585966.0,0.842,0.861,0.834,0.837,3.23,3.59,1.02,5.17,45927.0,43140.0,242563.0,3.2,857999.0,11.31,-615436.0,-8.11,-19081.0,-0.25,-223483.0,-2.95,-421.0,0.854,0.855,248356000.0,212344380,212344380,2026-07-08,2026-07-08 16:11:34+08:00
159582,半导体ETF博时,4.766,4.6925,-1.57,0.1,2.14,320395.0,150529463.94,4.668,4.866,4.51,4.666,7.63,19.76,0.93,17.78,155753.0,164642.0,17024994.0,11.31,15839994.0,10.52,1185000.0,0.79,-14867229.0,-9.88,-2157766.0,-1.43,-4050.0,4.766,4.767,162121621.0,772671646,772671646,2026-07-08,2026-07-08 15:34:57+08:00
159545,恒生红利低波ETF易方达,1.255,1.2531,-0.15,0.026,2.12,1102088.0,137173645.6,1.23,1.257,1.23,1.229,2.2,2.28,0.82,-14.45,588984.0,513104.0,2324491.0,1.69,-5471547.0,-3.99,7796038.0,5.68,-575832.0,-0.42,-1748658.0,-1.27,-1755.0,1.255,1.256,4831003648.0,6062909578,6062909578,2026-07-08,2026-07-08 15:34:42+08:00
513630,港股低波红利ETF摩根,1.512,1.5085,-0.23,0.031,2.09,2818258.0,424584142.0,1.481,1.528,1.481,1.481,3.17,3.7,1.37,19.13,1572288.0,1245970.0,5278210.0,1.24,22910948.0,5.4,-17632738.0,-4.15,1203203.0,0.28,-6481413.0,-1.53,-6856.0,1.511,1.512,7613359104.0,11511398965,11511398965,2026-07-08,2026-07-08 16:11:47+08:00
520660,港股通央企红利ETF南方,0.943,0.9403,-0.29,0.019,2.06,1067021.0,100275897.0,0.929,0.945,0.929,0.924,1.73,4.61,1.11,1.86,578994.0,488027.0,136739.0,0.14,-3917427.0,-3.91,4054166.0,4.04,-349799.0,-0.35,213060.0,0.21,-346.0,0.942,0.943,2316485504.0,2184445830,2184445830,2026-07-08,2026-07-08 16:11:36+08:00
513920,港股通央企红利ETF华安,1.491,1.4959,0.33,0.03,2.05,1621044.0,241658878.0,1.465,1.505,1.465,1.461,2.74,6.21,1.37,24.23,1009798.0,611246.0,10326014.0,4.27,-41553086.0,-17.19,51879100.0,21.47,-4021743.0,-1.66,-6304271.0,-2.61,-3652.0,1.491,1.492,2612231008.0,3894836433,3894836433,2026-07-08,2026-07-08 16:11:54+08:00
520550,港股红利低波ETF招商,1.048,1.0457,-0.22,0.021,2.04,617575.0,64403746.0,1.029,1.05,1.028,1.027,2.14,5.6,1.28,-16.79,319049.0,298526.0,4823532.0,7.49,-1130634.0,-1.76,5954166.0,9.25,-3199000.0,-4.97,-1624531.0,-2.52,-416.0,1.048,1.049,1102524000.0,1155445152,1155445152,2026-07-08,2026-07-08 16:12:00+08:00
562030,信创ETF华宝,0.55,0.5444,-1.03,0.011,2.04,200081.0,11025327.0,0.54,0.56,0.536,0.539,4.45,12.51,0.94,-23.28,139583.0,60498.0,1028289.0,9.33,145189.0,1.32,883100.0,8.01,-955570.0,-8.67,-72719.0,-0.66,-8866.0,0.55,0.554,159973900.0,87985645,87985645,2026-07-08,2026-07-08 16:11:47+08:00
513950,恒生红利ETF富国,1.208,1.207,-0.08,0.024,2.03,440923.0,53020308.0,1.186,1.212,1.186,1.184,2.2,2.13,0.58,0.01,246774.0,194149.0,-462435.0,-0.87,-1080217.0,-2.04,617782.0,1.17,1203320.0,2.27,-740885.0,-1.4,-1082.0,1.208,1.209,2068119008.0,2498287762,2498287762,2026-07-08,2026-07-08 16:11:54+08:00
159117,港股通红利低波ETF鹏华,0.96,0.9593,-0.07,0.019,2.02,137638.0,13169753.538,0.948,0.963,0.946,0.941,1.81,22.06,2.68,-96.36,95969.0,41669.0,1894371.0,14.38,-3543016.0,-26.9,5437387.0,41.29,-1668572.0,-12.67,-225799.0,-1.71,6.0,0.958,0.96,62401153.0,59905107,59905107,2026-07-08,2026-07-08 15:34:15+08:00
513820,港股通红利ETF汇添富,1.166,1.1662,0.02,0.023,2.01,1046503.0,121933689.0,1.149,1.171,1.149,1.143,1.92,5.75,1.49,38.51,498066.0,548437.0,-11327902.0,-9.29,-13290700.0,-10.9,1962798.0,1.61,8316316.0,6.82,3011586.0,2.47,-889.0,1.166,1.167,1820169008.0,2122317063,2122317063,2026-07-08,2026-07-08 16:11:50+08:00
513290,纳指生物科技ETF汇添富,1.738,1.6834,-3.24,0.034,2.0,4266894.0,740566344.0,1.746,1.765,1.713,1.704,3.05,43.4,0.88,-22.23,2225130.0,2041764.0,-15272484.0,-2.06,-12623780.0,-1.7,-2648704.0,-0.36,2750112.0,0.37,12522367.0,1.69,-23556.0,1.737,1.738,983072096.0,1708579303,1708579303,2026-07-08,2026-07-08 16:11:44+08:00
513530,港股通红利ETF华泰柏瑞,1.503,1.5042,0.08,0.029,1.97,1347721.0,201919696.0,1.48,1.506,1.48,1.474,1.76,5.19,1.08,-35.96,713734.0,633987.0,20268274.0,10.04,17684166.0,8.76,2584108.0,1.28,-16719242.0,-8.28,-3549032.0,-1.76,-1739.0,1.503,1.504,2595938704.0,3901695872,3901695872,2026-07-08,2026-07-08 16:11:56+08:00
589160,科创芯片ETF广发,1.623,1.6072,-0.98,0.031,1.95,240575.0,39032867.0,1.592,1.675,1.56,1.592,7.22,12.38,0.9,54.03,125719.0,114856.0,2935141.0,7.52,3458866.0,8.86,-523725.0,-1.34,-1554045.0,-3.98,-1381096.0,-3.54,-2086.0,1.622,1.623,194296000.0,315342408,315342408,2026-07-08,2026-07-08 16:11:49+08:00
520890,港股通红利低波ETF华泰柏瑞,1.263,1.2635,0.04,0.024,1.94,296962.0,37366767.0,1.245,1.268,1.243,1.239,2.02,38.81,1.26,-8.9,153351.0,143611.0,1072510.0,2.87,-758294.0,-2.03,1830804.0,4.9,-948989.0,-2.54,-123520.0,-0.33,-345.0,1.263,1.266,76508000.0,96629604,96629604,2026-07-08,2026-07-08 16:11:35+08:00
159538,信创ETF富国,2.288,2.2591,-1.28,0.043,1.92,208108.0,47511465.0,2.269,2.335,2.21,2.245,5.57,14.03,0.84,51.15,94722.0,113386.0,1113707.0,2.34,1263118.0,2.66,-149411.0,-0.31,738523.0,1.55,-1852231.0,-3.9,-517.0,2.288,2.289,148304483.0,339320657,339320657,2026-07-08,2026-07-08 15:34:00+08:00
517770,游戏传媒ETF浦银,0.901,0.8991,-0.21,0.017,1.92,165762.0,14811322.0,0.885,0.903,0.871,0.884,3.62,10.77,1.72,17.45,78513.0,87249.0,228057.0,1.54,-288391.0,-1.95,516448.0,3.49,-167507.0,-1.13,-60549.0,-0.41,-2995.0,0.9,0.901,153947800.0,138706968,138706968,2026-07-08,2026-07-08 16:11:52+08:00
561980,半导体设备ETF招商,0.85,0.8525,0.29,0.016,1.92,7375431.0,624534207.0,0.832,0.878,0.81,0.834,8.15,8.53,0.83,11.55,3457956.0,3917475.0,77759039.0,12.45,110791554.0,17.74,-33032515.0,-5.29,-63072374.0,-10.1,-14686670.0,-2.35,-60394.0,0.85,0.851,8650550016.0,7352967514,7352967514,2026-07-08,2026-07-08 16:11:54+08:00
159822,新经济ETF银华,0.588,0.5761,-2.07,0.011,1.91,199763.0,11730939.7,0.577,0.593,0.575,0.577,3.12,6.08,1.72,-17.8,131081.0,68682.0,2548364.0,21.72,3103255.0,26.45,-554891.0,-4.73,-1784752.0,-15.21,-763612.0,-6.51,-1468.0,0.588,0.59,328734320.0,193295780,193295780,2026-07-08,2026-07-08 15:34:00+08:00
159691,港股红利ETF工银,1.144,1.1382,-0.51,0.021,1.87,2986559.0,340424183.3,1.128,1.147,1.128,1.123,1.69,7.51,1.2,-70.84,1681231.0,1305328.0,-16717907.0,-4.91,-31005943.0,-9.11,14288036.0,4.2,16457374.0,4.83,260533.0,0.08,4116.0,1.143,1.144,3977301392.0,4550032792,4550032792,2026-07-08,2026-07-08 15:34:42+08:00
159723,科技龙头ETF汇添富,1.157,1.151,-0.52,0.021,1.85,28798.0,3318672.386,1.136,1.169,1.131,1.136,3.35,8.72,1.77,10.5,15301.0,13497.0,637354.0,19.21,-207.0,-0.01,637561.0,19.21,-518728.0,-15.63,-118627.0,-3.57,69.0,1.152,1.157,33025575.0,38210590,38210590,2026-07-08,2026-07-08 15:34:33+08:00
560780,半导体设备ETF广发,1.328,1.3063,-1.66,0.024,1.84,9508101.0,1245589074.0,1.296,1.368,1.25,1.304,9.05,10.04,0.9,-5.37,4072375.0,5435726.0,21943584.0,1.76,86091008.0,6.91,-64147424.0,-5.15,-20394177.0,-1.64,-1549394.0,-0.12,-46865.0,1.327,1.328,9466488064.0,12571496149,12571496149,2026-07-08,2026-07-08 16:11:58+08:00
159819,人工智能ETF易方达,2.052,2.0491,-0.14,0.037,1.84,3906447.0,807496409.361,2.051,2.108,2.022,2.015,4.27,3.51,0.92,27.38,1960916.0,1945531.0,65425408.0,8.1,135218532.0,16.75,-69793124.0,-8.64,-62533046.0,-7.74,-2892358.0,-0.36,-22489.0,2.052,2.053,11117229568.0,22812555074,22812555074,2026-07-08,2026-07-08 15:34:27+08:00
159248,人工智能ETF万家,2.027,2.0229,-0.2,0.034,1.71,125679.0,25609294.8,2.007,2.081,1.996,1.993,4.26,10.92,0.95,-49.75,65284.0,60395.0,2728018.0,10.65,4217445.0,16.47,-1489427.0,-5.82,-1700168.0,-6.64,-1027851.0,-4.01,-785.0,2.027,2.032,115095652.0,233298887,233298887,2026-07-08,2026-07-08 15:34:12+08:00
520610,港股红利低波ETF银华,0.892,0.8947,0.3,0.015,1.71,50265.0,4472372.0,0.879,0.894,0.879,0.877,1.71,1.79,0.66,5.74,35871.0,14394.0,254376.0,5.69,1338000.0,29.92,-1083624.0,-24.23,146756.0,3.28,-401132.0,-8.97,-10.0,0.891,0.892,280963008.0,250619003,250619003,2026-07-08,2026-07-08 16:11:41+08:00
159549,红利低波ETF天弘,1.147,1.1424,-0.4,0.019,1.68,515959.0,58715300.3,1.129,1.147,1.125,1.128,1.95,1.07,4.25,-51.69,424064.0,91895.0,-23050553.0,-39.26,-40380581.0,-68.77,17330028.0,29.52,23147085.0,39.42,-96532.0,-0.16,-656.0,1.147,1.148,4801523968.0,5507347991,5507347991,2026-07-08,2026-07-08 15:34:30+08:00
589100,科创芯片ETF国泰,1.151,1.1404,-0.93,0.019,1.68,809827.0,93405285.0,1.13,1.19,1.11,1.132,7.07,9.19,1.12,9.08,368964.0,440863.0,5498008.0,5.89,18036302.0,19.31,-12538294.0,-13.42,-2895443.0,-3.1,-2602565.0,-2.79,-3165.0,1.151,1.152,881442496.0,1014540313,1014540313,2026-07-08,2026-07-08 16:11:51+08:00
512930,AI人工智能ETF平安,0.729,0.727,-0.28,0.012,1.67,4536016.0,332957938.0,0.722,0.749,0.718,0.717,4.32,9.89,1.24,37.79,2459118.0,2076898.0,20607097.0,6.19,-10889773.0,-3.27,31496870.0,9.46,-13670252.0,-4.11,-6936845.0,-2.08,-4068.0,0.729,0.73,4584521216.0,3342115966,3342115966,2026-07-08,2026-07-08 16:11:55+08:00
159118,港股通红利低波ETF华夏,0.913,0.9148,0.2,0.015,1.67,55082.0,5013117.007,0.901,0.914,0.901,0.898,1.45,7.09,1.07,-6.43,31647.0,23435.0,162761.0,3.25,0.0,0.0,162761.0,3.25,-298929.0,-5.96,136168.0,2.72,6.0,0.909,0.913,77677020.0,70919119,70919119,2026-07-08,2026-07-08 15:34:03+08:00
159220,港股通红利低波ETF华宝,0.557,0.5559,-0.2,0.009,1.64,513330.0,28495144.9,0.546,0.559,0.546,0.548,2.37,10.98,1.1,-12.33,284520.0,228810.0,523867.0,1.84,-1294281.0,-4.54,1818148.0,6.38,-87711.0,-0.31,-436156.0,-1.53,-219.0,0.557,0.558,467569520.0,260436223,260436223,2026-07-08,2026-07-08 15:34:24+08:00
517800,人工智能50ETF方正富邦,1.116,1.1194,0.3,0.018,1.64,127037.0,14223846.0,1.113,1.135,1.089,1.098,4.19,5.63,1.32,-2.68,64186.0,62851.0,1560548.0,10.97,2729155.0,19.19,-1168607.0,-8.22,-619054.0,-4.35,-941495.0,-6.62,-394.0,1.115,1.116,225539700.0,251702305,251702305,2026-07-08,2026-07-08 16:11:47+08:00
159558,半导体设备ETF易方达,4.215,4.1612,-1.29,0.067,1.62,5711734.0,2380355293.886,4.138,4.35,3.975,4.148,9.04,13.58,0.92,68.48,2817624.0,2894110.0,246508736.0,10.36,464918160.0,19.53,-218409424.0,-9.18,-215968064.0,-9.07,-30540656.0,-1.28,-22378.0,4.215,4.216,4206854640.0,17731892308,17731892308,2026-07-08,2026-07-08 15:34:30+08:00
589130,科创芯片ETF易方达,1.777,1.7551,-1.25,0.028,1.6,1310532.0,232768709.0,1.752,1.833,1.714,1.749,6.8,4.49,0.83,-53.72,710290.0,600242.0,10831108.0,4.65,2956101.0,1.27,7875007.0,3.38,-5494068.0,-2.36,-5337040.0,-2.29,-14977.0,1.776,1.777,2915780000.0,5181341060,5181341060,2026-07-08,2026-07-08 16:11:33+08:00
588990,科创芯片ETF博时,4.67,4.6271,-0.93,0.073,1.59,163985.0,76688266.0,4.598,4.829,4.505,4.597,7.05,8.29,0.88,25.27,100201.0,63784.0,1173834.0,1.53,-1173492.0,-1.53,2347326.0,3.06,1203074.0,1.57,-2376908.0,-3.1,-1015.0,4.67,4.677,197745400.0,923471018,923471018,2026-07-08,2026-07-08 16:11:54+08:00
159141,科创创业人工智能ETF永赢,1.416,1.4066,-0.67,0.022,1.58,531321.0,75545954.0,1.408,1.453,1.388,1.394,4.66,4.21,0.58,6.03,232314.0,299007.0,-1823051.0,-2.41,1190795.0,1.58,-3013846.0,-3.99,1377865.0,1.82,445187.0,0.59,-1991.0,1.416,1.417,1263060736.0,1788494002,1788494002,2026-07-08,2026-07-08 15:34:33+08:00
588290,科创芯片ETF华安,4.394,4.3469,-1.08,0.068,1.57,1057341.0,464823117.0,4.324,4.533,4.23,4.326,7.0,8.32,1.06,-7.29,565537.0,491804.0,25604204.0,5.51,16242796.0,3.49,9361408.0,2.01,-19830509.0,-4.27,-5773695.0,-1.24,-4422.0,4.393,4.394,1271397008.0,5586518453,5586518453,2026-07-08,2026-07-08 16:11:53+08:00
159279,创业板人工智能ETF华安,1.574,1.5651,-0.57,0.024,1.55,399403.0,62805260.57,1.559,1.615,1.54,1.55,4.84,28.05,0.85,91.73,213419.0,185984.0,-1460551.0,-2.33,-1079608.0,-1.72,-380943.0,-0.61,1343166.0,2.14,117384.0,0.19,-310.0,1.574,1.575,142387534.0,224117979,224117979,2026-07-08,2026-07-08 15:34:42+08:00
159265,港股消费ETF鹏华,0.8,0.7982,-0.23,0.012,1.52,147650.0,11713274.0,0.794,0.8,0.788,0.788,1.52,7.5,0.7,2.56,86290.0,61360.0,1136514.0,9.7,-1337059.0,-11.41,2473573.0,21.12,-1026732.0,-8.77,-109782.0,-0.94,1991.0,0.797,0.8,196950894.0,157560715,157560715,2026-07-08,2026-07-08 15:34:18+08:00
159355,800红利低波ETF华宝,1.005,1.003,-0.2,0.015,1.52,10534.0,1052057.1,0.99,1.005,0.984,0.99,2.12,1.08,0.83,1.17,5592.0,4942.0,65089.0,6.19,0.0,0.0,65089.0,6.19,33803.0,3.21,-98892.0,-9.4,13.0,1.002,1.005,97234277.0,97720448,97720448,2026-07-08,2026-07-08 15:34:21+08:00
515980,人工智能ETF华富,1.185,1.1806,-0.37,0.017,1.46,2547860.0,303499119.0,1.183,1.216,1.164,1.168,4.45,4.44,0.83,30.64,1446061.0,1101799.0,33449005.0,11.02,27939637.0,9.21,5509368.0,1.82,-21098755.0,-6.95,-12350251.0,-4.07,-9231.0,1.184,1.185,5741128960.0,6803237818,6803237818,2026-07-08,2026-07-08 16:11:37+08:00
517180,中国国企ETF南方,1.386,1.3825,-0.25,0.02,1.46,43352.0,5997139.0,1.367,1.389,1.367,1.366,1.61,4.27,0.95,-26.65,23973.0,19379.0,103056.0,1.72,0.0,0.0,103056.0,1.72,87429.0,1.46,-190485.0,-3.18,-15.0,1.384,1.386,101496300.0,140673872,140673872,2026-07-08,2026-07-08 16:12:01+08:00
512890,红利低波ETF华泰柏瑞,1.12,1.1159,-0.37,0.016,1.45,8732696.0,971913630.0,1.103,1.121,1.098,1.104,2.08,2.95,1.18,9.66,5057944.0,3674752.0,45295632.0,4.66,67704032.0,6.97,-22408400.0,-2.31,-8880291.0,-0.91,-36415348.0,-3.75,-41997.0,1.119,1.12,29590110720.0,33140924006,33140924006,2026-07-08,2026-07-08 16:11:43+08:00
563020,红利低波ETF易方达,1.116,1.1107,-0.48,0.016,1.45,3192902.0,354088698.0,1.099,1.117,1.091,1.1,2.36,2.9,1.14,-29.97,1768533.0,1424369.0,16579490.0,4.68,22126319.0,6.25,-5546829.0,-1.57,-12020461.0,-3.39,-4559029.0,-1.29,-11146.0,1.115,1.116,10991909888.0,12266971435,12266971435,2026-07-08,2026-07-08 16:11:48+08:00
589190,科创芯片ETF华宝,1.614,1.6079,-0.38,0.023,1.45,615423.0,99544798.0,1.6,1.671,1.559,1.591,7.04,4.27,0.65,-25.33,307222.0,308201.0,-5780129.0,-5.81,-3742208.0,-3.76,-2037921.0,-2.05,7313837.0,7.35,-1533708.0,-1.54,-2036.0,1.614,1.615,1440781008.0,2325420547,2325420547,2026-07-08,2026-07-08 16:11:52+08:00
512800,银行ETF华宝,0.77,0.7681,-0.25,0.011,1.45,10262567.0,785232565.0,0.758,0.77,0.752,0.759,2.37,7.1,0.72,-18.03,6398895.0,3863672.0,-2318390.0,-0.3,16367232.0,2.08,-18685622.0,-2.38,-6196124.0,-0.79,8514518.0,1.08,-77693.0,0.769,0.77,14453079808.0,11128871452,11128871452,2026-07-08,2026-07-08 16:11:43+08:00
588950,科创50ETF景顺,2.12,2.0938,-1.25,0.03,1.44,215958.0,45816535.0,2.088,2.171,2.055,2.09,5.55,8.48,0.71,19.01,109265.0,106693.0,715106.0,1.56,-1278274.0,-2.79,1993380.0,4.35,-2413794.0,-5.27,1698688.0,3.71,-2594.0,2.12,2.121,254729700.0,540026964,540026964,2026-07-08,2026-07-08 16:11:43+08:00
588750,科创芯片ETF汇添富,2.993,2.9614,-1.07,0.042,1.42,1282654.0,382880808.0,2.953,3.088,2.885,2.951,6.88,4.21,0.42,30.82,616879.0,665775.0,-8124597.0,-2.12,8841268.0,2.31,-16965865.0,-4.43,10086146.0,2.63,-1961549.0,-0.51,-8725.0,2.993,2.994,3043228000.0,9108381404,9108381404,2026-07-08,2026-07-08 16:11:48+08:00
588920,科创芯片ETF鹏华,2.853,2.8441,-0.31,0.04,1.42,238655.0,68396773.0,2.841,2.949,2.751,2.813,7.04,16.35,1.04,-65.54,118503.0,120152.0,4052114.0,5.92,-204207.0,-0.3,4256321.0,6.22,-986611.0,-1.44,-3065502.0,-4.48,-460.0,2.853,2.857,145938000.0,416361114,416361114,2026-07-08,2026-07-08 16:11:55+08:00
563590,A500红利低波动ETF国寿,0.936,0.9336,-0.26,0.013,1.41,1352.0,125996.0,0.926,0.937,0.926,0.923,1.19,0.2,0.79,1.75,1201.0,151.0,22068.0,17.51,0.0,0.0,22068.0,17.51,0.0,0.0,-22068.0,-17.51,-1.0,0.933,0.936,68944400.0,64531958,64531958,2026-07-08,2026-07-08 16:11:40+08:00
515070,人工智能ETF华夏,1.296,1.2954,-0.05,0.018,1.41,2129110.0,277824227.0,1.292,1.333,1.277,1.278,4.38,2.88,1.4,19.4,1052432.0,1076678.0,-1275271.0,-0.46,12003777.0,4.32,-13279048.0,-4.78,-1632431.0,-0.59,2907702.0,1.05,-17467.0,1.296,1.297,7404940288.0,9596802613,9596802613,2026-07-08,2026-07-08 16:11:42+08:00
159707,地产ETF华宝,0.437,0.4353,-0.39,0.006,1.39,1771571.0,76458146.2,0.431,0.437,0.425,0.431,2.78,15.88,1.34,-23.81,1179506.0,592065.0,12093426.0,15.82,10960476.0,14.34,1132950.0,1.48,-10173453.0,-13.31,-1919972.0,-2.51,6586.0,0.436,0.437,1115548208.0,487494567,487494567,2026-07-08,2026-07-08 15:34:48+08:00
563670,金融科技ETF鹏华,0.657,0.648,-1.39,0.009,1.39,28284.0,1850661.0,0.651,0.66,0.648,0.648,1.85,1.51,0.79,-71.74,11697.0,16587.0,-388060.0,-20.97,-384160.0,-20.76,-3900.0,-0.21,320497.0,17.32,67562.0,3.65,-20.0,0.652,0.657,186987000.0,122850459,122850459,2026-07-08,2026-07-08 16:11:45+08:00
560720,红利低波100ETF工银,0.954,0.9514,-0.27,0.013,1.38,82480.0,7820905.0,0.939,0.954,0.939,0.941,1.59,4.33,1.1,-15.47,48446.0,34034.0,695286.0,8.89,1672966.0,21.39,-977680.0,-12.5,-535983.0,-6.85,-159305.0,-2.04,-1.0,0.95,0.954,190548000.0,181782792,181782792,2026-07-08,2026-07-08 16:11:36+08:00
517880,品牌消费ETF华泰柏瑞,0.736,0.7367,0.1,0.01,1.38,38184.0,2798403.0,0.726,0.739,0.726,0.726,1.79,7.16,0.98,9.13,22528.0,15656.0,-66332.0,-2.37,0.0,0.0,-66332.0,-2.37,43218.0,1.54,23114.0,0.83,-339.0,0.735,0.736,53337100.0,39256106,39256106,2026-07-08,2026-07-08 16:11:45+08:00
562590,半导体设备ETF华夏,1.265,1.2485,-1.32,0.017,1.36,7509909.0,940764407.0,1.238,1.304,1.193,1.248,8.89,10.7,1.88,0.87,3959238.0,3550671.0,28587488.0,3.04,79221184.0,8.42,-50633696.0,-5.38,-29023108.0,-3.09,435628.0,0.05,-25558.0,1.265,1.266,7015988992.0,8875226075,8875226075,2026-07-08,2026-07-08 16:11:49+08:00
159985,豆粕ETF华夏,2.18,2.0432,-6.7,0.029,1.35,2409923.0,522435609.756,2.151,2.195,2.14,2.151,2.56,15.93,1.15,3.56,1302404.0,1107519.0,25423113.0,4.87,24452399.0,4.68,970714.0,0.19,-17147428.0,-3.28,-8275686.0,-1.58,-16933.0,2.18,2.181,1512724064.0,3297738460,3297738460,2026-07-08,2026-07-08 15:34:15+08:00
588410,科创创业人工智能ETF鹏华,1.428,1.4243,-0.26,0.019,1.35,55837.0,8057703.0,1.409,1.47,1.408,1.409,4.4,5.21,0.85,8.46,30490.0,25347.0,425792.0,5.28,1070582.0,13.29,-644790.0,-8.0,-478511.0,-5.94,52719.0,0.65,-4.0,1.429,1.43,107250000.0,153153000,153153000,2026-07-08,2026-07-08 16:11:41+08:00
159140,科创创业人工智能ETF易方达,1.497,1.4926,-0.29,0.02,1.35,537817.0,81050091.906,1.493,1.539,1.472,1.477,4.54,12.22,0.96,-10.97,259038.0,278779.0,-1400255.0,-1.73,6082785.0,7.5,-7483040.0,-9.23,3004973.0,3.71,-1604718.0,-1.98,-1003.0,1.497,1.498,439936832.0,658585438,658585438,2026-07-08,2026-07-08 15:34:36+08:00
159728,在线消费ETF南方,0.765,0.763,-0.26,0.01,1.32,74039.0,5624434.0,0.755,0.768,0.746,0.755,2.91,18.1,0.96,35.88,40912.0,33127.0,-417941.0,-7.43,-426538.0,-7.58,8597.0,0.15,447130.0,7.95,-29189.0,-0.52,650.0,0.764,0.767,40910129.0,31296249,31296249,2026-07-08,2026-07-08 15:34:00+08:00
159242,创业板人工智能ETF大成,2.335,2.3283,-0.29,0.03,1.3,410285.0,96370630.8,2.318,2.401,2.293,2.305,4.69,7.11,0.88,-10.24,207573.0,202712.0,2811338.0,2.92,-789556.0,-0.82,3600894.0,3.74,-1767648.0,-1.83,-1043690.0,-1.08,-994.0,2.335,2.338,577278576.0,1347945475,1347945475,2026-07-08,2026-07-08 15:34:00+08:00
159022,科创创业人工智能ETF富国,1.192,1.1878,-0.35,0.015,1.27,227087.0,27280634.6,1.181,1.225,1.172,1.177,4.5,13.71,0.87,-9.04,119779.0,107308.0,521805.0,1.91,6999.0,0.03,514806.0,1.89,373767.0,1.37,-895573.0,-3.28,420.0,1.191,1.192,165630967.0,197432113,197432113,2026-07-08,2026-07-08 15:34:36+08:00
159540,信创ETF易方达,2.412,2.384,-1.17,0.03,1.26,171628.0,41596238.955,2.382,2.474,2.35,2.382,5.21,14.36,0.72,-59.92,76984.0,94644.0,4531416.0,10.89,6855529.0,16.48,-2324113.0,-5.59,-3031055.0,-7.29,-1500362.0,-3.61,1609.0,2.407,2.412,119505191.0,288246521,288246521,2026-07-08,2026-07-08 15:34:33+08:00
515450,红利低波50ETF南方,1.371,1.3705,-0.04,0.017,1.26,1343218.0,183010018.0,1.355,1.372,1.35,1.354,1.62,0.96,0.63,-28.49,699328.0,643890.0,7526126.0,4.11,7579494.0,4.14,-53368.0,-0.03,1376805.0,0.75,-8902930.0,-4.86,-3386.0,1.37,1.371,14055835136.0,19270549971,19270549971,2026-07-08,2026-07-08 16:11:44+08:00
517090,央企共赢ETF国泰,1.457,1.4546,-0.16,0.018,1.25,34531.0,5025343.0,1.439,1.461,1.439,1.439,1.53,5.56,0.76,23.43,18968.0,15563.0,943141.0,18.77,0.0,0.0,943141.0,18.77,-865437.0,-17.22,-77704.0,-1.55,1.0,1.455,1.457,62075000.0,90443275,90443275,2026-07-08,2026-07-08 16:11:42+08:00
588430,科创创业人工智能ETF工银,1.455,1.4525,-0.17,0.018,1.25,87079.0,12796417.0,1.449,1.5,1.437,1.437,4.38,9.22,0.94,-26.51,32063.0,55016.0,-111021.0,-0.87,1020571.0,7.98,-1131592.0,-8.84,389439.0,3.04,-278419.0,-2.18,-52.0,1.454,1.455,94458000.0,137436390,137436390,2026-07-08,2026-07-08 16:11:38+08:00
159735,港股消费ETF银华,0.655,0.6565,0.23,0.008,1.24,744764.0,48574692.106,0.648,0.658,0.646,0.647,1.85,10.88,1.15,-28.4,375976.0,368788.0,2798867.0,5.76,2504287.0,5.16,294580.0,0.61,-2083077.0,-4.29,-715789.0,-1.47,2831.0,0.654,0.655,684561376.0,448387701,448387701,2026-07-08,2026-07-08 15:34:00+08:00
588180,科创50ETF国联安,1.318,1.3003,-1.36,0.016,1.23,271810.0,35861166.0,1.301,1.352,1.28,1.302,5.53,4.02,0.57,-17.68,108603.0,163207.0,4279916.0,11.93,9713878.0,27.09,-5433962.0,-15.15,-2750141.0,-7.67,-1529776.0,-4.27,-1238.0,1.317,1.318,675353696.0,890116171,890116171,2026-07-08,2026-07-08 16:11:33+08:00
560670,银行ETF华泰柏瑞,0.987,0.9853,-0.17,0.012,1.23,123794.0,12144956.0,0.971,0.987,0.968,0.975,1.95,14.83,0.89,8.33,67406.0,56388.0,420009.0,3.46,0.0,0.0,420009.0,3.46,-362156.0,-2.98,-57853.0,-0.48,-5426.0,0.986,0.987,83474000.0,82388838,82388838,2026-07-08,2026-07-08 16:11:48+08:00
588890,科创芯片ETF南方,5.04,4.997,-0.86,0.061,1.23,373546.0,188533064.0,4.944,5.213,4.868,4.979,6.93,4.08,1.05,-66.78,197501.0,176045.0,-12958621.0,-6.87,-1435734.0,-0.76,-11522887.0,-6.11,14334170.0,7.6,-1375550.0,-0.73,-3081.0,5.039,5.04,914810000.0,4610642400,4610642400,2026-07-08,2026-07-08 16:11:42+08:00
517660,物联网ETF天弘,1.416,1.4189,0.2,0.017,1.22,25362.0,3604930.0,1.427,1.442,1.397,1.399,3.22,5.68,1.95,0.2,11723.0,13639.0,45264.0,1.26,0.0,0.0,45264.0,1.26,0.0,0.0,-45265.0,-1.26,1.0,1.415,1.42,44680700.0,63267871,63267871,2026-07-08,2026-07-08 16:11:36+08:00
517350,沪港深科技ETF广发,0.994,0.996,0.2,0.012,1.22,20246.0,2012002.0,0.982,1.005,0.976,0.982,2.95,4.01,1.02,-0.62,10284.0,9962.0,259479.0,12.9,0.0,0.0,259479.0,12.9,-277661.0,-13.8,18182.0,0.9,-4.0,0.992,0.994,50542000.0,50238748,50238748,2026-07-08,2026-07-08 16:11:36+08:00
517850,张江ETF汇添富,1.488,1.4876,-0.03,0.018,1.22,11792.0,1766188.0,1.499,1.517,1.441,1.47,5.17,3.09,1.25,-25.4,5187.0,6605.0,165441.0,9.37,0.0,0.0,165441.0,9.37,-45250.0,-2.56,-120191.0,-6.81,-3.0,1.488,1.49,38185200.0,56819578,56819578,2026-07-08,2026-07-08 16:11:54+08:00
159516,半导体设备ETF国泰,1.768,1.7677,-0.02,0.021,1.2,39815435.0,6993592574.429,1.74,1.828,1.67,1.747,9.04,16.18,0.9,-24.26,19829842.0,19985593.0,187905648.0,2.69,89097840.0,1.27,98807808.0,1.41,-219428176.0,-3.14,31522544.0,0.45,232984.0,1.767,1.768,24615180032.0,43519638297,43519638297,2026-07-08,2026-07-08 15:34:51+08:00
530880,红利国企ETF银河,1.011,1.0093,-0.17,0.012,1.2,14945.0,1512940.0,1.006,1.02,0.993,0.999,2.7,3.23,0.44,2.0,8944.0,6001.0,17453.0,1.15,0.0,0.0,17453.0,1.15,-22351.0,-1.48,4897.0,0.32,-31.0,1.01,1.011,46336000.0,46845696,46845696,2026-07-08,2026-07-08 16:11:45+08:00
515480,红利低波100ETF南方,1.029,1.027,-0.19,0.012,1.18,179737.0,18361717.0,1.013,1.03,1.008,1.017,2.16,16.44,0.22,-50.78,114542.0,65194.0,1041168.0,5.67,2418813.0,13.17,-1377645.0,-7.5,-790941.0,-4.31,-250227.0,-1.36,-1.0,1.028,1.029,109340700.0,112511580,112511580,2026-07-08,2026-07-08 16:11:45+08:00
588870,科创50ETF汇添富,2.066,2.041,-1.22,0.024,1.18,553658.0,114278215.0,2.042,2.117,2.006,2.042,5.44,17.77,0.95,55.31,315399.0,238259.0,2382509.0,2.08,-6164933.0,-5.39,8547442.0,7.48,-584200.0,-0.51,-1798309.0,-1.57,-5016.0,2.065,2.066,311552000.0,643666432,643666432,2026-07-08,2026-07-08 16:12:01+08:00
510880,红利ETF华泰柏瑞,3.08,3.0789,-0.04,0.036,1.18,2930826.0,901310724.0,3.045,3.103,3.031,3.044,2.37,3.66,0.9,-11.54,1345930.0,1584897.0,58361163.0,6.48,111352171.0,12.35,-52991008.0,-5.88,-667090.0,-0.07,-57694071.0,-6.4,-15192.0,3.079,3.08,8018675712.0,24697521193,24697521193,2026-07-08,2026-07-08 16:11:43+08:00
560570,A500红利ETF国联安,0.954,0.9531,-0.09,0.011,1.17,241579.0,22941586.0,0.943,0.955,0.938,0.943,1.8,1.65,0.82,-0.14,146813.0,94766.0,102566.0,0.45,-1476238.0,-6.43,1578804.0,6.88,-57725.0,-0.25,-44842.0,-0.2,-51.0,0.952,0.954,1460541200.0,1393356305,1393356305,2026-07-08,2026-07-08 16:11:37+08:00
588200,科创芯片ETF嘉实,4.484,4.4485,-0.8,0.052,1.17,15437462.0,6932323502.0,4.459,4.643,4.33,4.432,7.06,11.6,0.99,37.57,7927660.0,7509802.0,6834208.0,0.1,-186312400.0,-2.69,193146608.0,2.79,14155184.0,0.2,-20989424.0,-0.3,-84379.0,4.484,4.485,13308894720.0,59677083924,59677083924,2026-07-08,2026-07-08 16:11:59+08:00
159525,红利低波ETF富国,1.041,1.0417,0.07,0.012,1.17,224278.0,23218387.1,1.029,1.042,0.926,1.029,11.27,4.69,1.09,-2.83,107771.0,116507.0,287776.0,1.24,100604.0,0.43,187172.0,0.81,178896.0,0.77,-466671.0,-2.01,-127.0,1.041,1.042,478243744.0,497851738,497851738,2026-07-08,2026-07-08 15:34:06+08:00
159296,A500红利低波ETF华宝,0.95,0.9483,-0.18,0.011,1.17,41202.0,3893997.7,0.938,0.95,0.938,0.939,1.28,9.15,1.21,15.76,21958.0,19244.0,-171652.0,-4.41,0.0,0.0,-171652.0,-4.41,187872.0,4.82,-16220.0,-0.42,1.0,0.945,0.951,45042941.0,42790794,42790794,2026-07-08,2026-07-08 15:34:57+08:00
515220,煤炭ETF国泰,1.141,1.1401,-0.08,0.013,1.15,8098442.0,926827773.0,1.132,1.166,1.126,1.128,3.55,6.52,0.82,43.35,3984396.0,4114046.0,-8533936.0,-0.92,-31402016.0,-3.39,22868080.0,2.47,13980851.0,1.51,-5446917.0,-0.59,-35763.0,1.14,1.141,12415176960.0,14165716911,14165716911,2026-07-08,2026-07-08 16:11:48+08:00
159243,创业板人工智能ETF招商,1.406,1.3979,-0.58,0.016,1.15,372373.0,52240954.8,1.389,1.444,1.377,1.39,4.82,27.99,0.94,74.91,178562.0,193811.0,354979.0,0.68,221280.0,0.42,133699.0,0.26,-99644.0,-0.19,-255335.0,-0.49,-143.0,1.406,1.407,133030224.0,187040495,187040495,2026-07-08,2026-07-08 15:34:03+08:00
517550,沪港深消费龙头ETF招商,0.626,0.6296,0.57,0.007,1.13,126991.0,7886091.0,0.62,0.63,0.616,0.619,2.26,14.2,1.18,-0.62,85442.0,41549.0,-259635.0,-3.29,1188060.0,15.07,-1447695.0,-18.36,273753.0,3.47,-14118.0,-0.18,-3327.0,0.626,0.629,89417400.0,55975292,55975292,2026-07-08,2026-07-08 16:11:55+08:00
159142,科创创业人工智能ETF景顺,1.432,1.4298,-0.15,0.016,1.13,774598.0,111825792.6,1.431,1.477,1.411,1.416,4.66,7.83,0.94,53.95,370325.0,404273.0,3326951.0,2.98,7619732.0,6.81,-4292781.0,-3.84,-2309937.0,-2.07,-1017014.0,-0.91,4646.0,1.431,1.432,989260144.0,1416620526,1416620526,2026-07-08,2026-07-08 15:34:18+08:00
588150,科创50ETF南方,1.435,1.4201,-1.05,0.016,1.13,217519.0,31262919.0,1.415,1.475,1.395,1.419,5.64,7.7,0.67,34.97,95747.0,121772.0,795927.0,2.55,-781542.0,-2.5,1577469.0,5.05,-765048.0,-2.45,-30879.0,-0.1,-1668.0,1.435,1.436,282432608.0,405290792,405290792,2026-07-08,2026-07-08 16:11:59+08:00
513070,港股通消费ETF易方达,1.077,1.081,0.37,0.012,1.13,2450927.0,262920264.0,1.064,1.084,1.064,1.065,1.88,20.41,2.07,-11.13,1237330.0,1213597.0,5965023.0,2.27,38412.0,0.01,5926611.0,2.25,-5951926.0,-2.26,-13097.0,0.0,-10756.0,1.076,1.077,1200760800.0,1293219382,1293219382,2026-07-08,2026-07-08 16:11:43+08:00
589310,科创人工智能ETF鑫元,0.989,0.9854,-0.37,0.011,1.12,185725.0,18548061.0,0.999,1.015,0.978,0.978,3.78,8.66,0.46,-23.7,122023.0,63702.0,3042445.0,16.4,5428547.0,29.27,-2386102.0,-12.86,-2408827.0,-12.99,-633617.0,-3.42,-1.0,0.987,0.989,214491800.0,212132390,212132390,2026-07-08,2026-07-08 16:11:32+08:00
515020,银行ETF华夏,1.642,1.6404,-0.1,0.018,1.11,713503.0,116550355.0,1.616,1.643,1.607,1.624,2.22,18.3,1.02,-25.07,335908.0,377595.0,1460671.0,1.25,154374.0,0.13,1306297.0,1.12,-869612.0,-0.75,-591058.0,-0.51,-1154.0,1.641,1.642,389845296.0,640125976,640125976,2026-07-08,2026-07-08 16:11:55+08:00
588470,科创创业人工智能ETF华安,1.01,1.0068,-0.32,0.011,1.1,407200.0,41312458.0,1.003,1.038,0.995,0.999,4.3,15.14,0.91,-13.08,220895.0,186305.0,2715753.0,6.57,2451225.0,5.93,264528.0,0.64,-2289597.0,-5.54,-426157.0,-1.03,-412.0,1.008,1.01,268907008.0,271596078,271596078,2026-07-08,2026-07-08 16:11:53+08:00
588060,科创50ETF广发,1.291,1.2793,-0.91,0.014,1.1,3164378.0,409151938.0,1.277,1.327,1.253,1.277,5.79,5.94,0.85,27.54,1671397.0,1492981.0,16457985.0,4.02,19919738.0,4.87,-3461753.0,-0.85,-9689878.0,-2.37,-6768106.0,-1.65,-29717.0,1.291,1.292,5329139968.0,6879919699,6879919699,2026-07-08,2026-07-08 16:11:44+08:00
159253,银行ETF博时,0.916,0.9161,0.01,0.01,1.1,58856.0,5367431.1,0.905,0.916,0.896,0.906,2.21,0.95,0.87,-73.63,35814.0,23042.0,136213.0,2.54,-812612.0,-15.14,948825.0,17.68,183042.0,3.41,-319255.0,-5.95,1.0,0.915,0.916,618804976.0,566825358,566825358,2026-07-08,2026-07-08 15:34:33+08:00
159139,科创创业人工智能ETF华泰柏瑞,1.488,1.4844,-0.24,0.016,1.09,327355.0,49128172.803,1.469,1.531,1.466,1.472,4.42,22.72,1.12,-8.22,171775.0,155580.0,615197.0,1.25,628084.0,1.28,-12887.0,-0.03,494500.0,1.01,-1109698.0,-2.26,-9.0,1.488,1.489,144109210.0,214434504,214434504,2026-07-08,2026-07-08 15:34:30+08:00
159246,创业板人工智能ETF富国,1.304,1.2991,-0.38,0.014,1.09,846373.0,110705011.4,1.299,1.342,1.28,1.29,4.81,2.37,0.73,80.58,416163.0,430210.0,4940041.0,4.46,2707233.0,2.45,2232808.0,2.02,-3278608.0,-2.96,-1661432.0,-1.5,-1262.0,1.304,1.305,3569655600.0,4654830902,4654830902,2026-07-08,2026-07-08 15:34:09+08:00
588810,科创芯片ETF富国,3.162,3.1592,-0.09,0.034,1.09,450766.0,143026546.0,3.141,3.27,3.05,3.128,7.03,8.12,0.85,-14.61,236886.0,213880.0,1973476.0,1.38,-5590199.0,-3.91,7563675.0,5.29,853273.0,0.6,-2826748.0,-1.98,-3166.0,3.162,3.163,555324000.0,1755934488,1755934488,2026-07-08,2026-07-08 16:11:33+08:00
588840,科创50ETF万家,1.874,1.8605,-0.73,0.02,1.08,67531.0,12698752.0,1.85,1.928,1.822,1.854,5.72,16.78,1.01,-7.51,33887.0,33644.0,-7901.0,-0.06,3038247.0,23.93,-3046148.0,-23.99,-215234.0,-1.69,223136.0,1.76,-1225.0,1.874,1.88,40236000.0,75402264,75402264,2026-07-08,2026-07-08 16:11:50+08:00
513590,港股通消费ETF鹏华,0.758,0.7612,0.42,0.008,1.07,48244.0,3637177.0,0.75,0.76,0.747,0.75,1.73,3.63,0.81,-30.36,29128.0,19116.0,619403.0,17.03,0.0,0.0,619403.0,17.03,215273.0,5.92,-834675.0,-22.95,-338.0,0.758,0.759,132918900.0,100752526,100752526,2026-07-08,2026-07-08 16:11:45+08:00
159285,港股通消费ETF华安,0.765,0.7664,0.18,0.008,1.06,123491.0,9409791.264,0.761,0.768,0.754,0.757,1.85,4.74,0.83,11.46,63837.0,59654.0,660665.0,7.02,-389540.0,-4.14,1050205.0,11.16,-586541.0,-6.23,-74124.0,-0.79,-1.0,0.765,0.766,260486680.0,199272310,199272310,2026-07-08,2026-07-08 15:34:27+08:00
589360,科创50ETF国泰,1.047,1.0323,-1.42,0.011,1.06,489623.0,51465736.0,1.031,1.076,1.018,1.036,5.6,22.44,0.91,-2.88,181598.0,308025.0,2518986.0,4.89,7573272.0,14.72,-5054286.0,-9.82,-1608360.0,-3.13,-910626.0,-1.77,-2270.0,1.047,1.048,218174000.0,228428178,228428178,2026-07-08,2026-07-08 16:11:55+08:00
159887,银行ETF富国,1.253,1.254,0.08,0.013,1.05,657057.0,82010362.4,1.239,1.255,1.227,1.24,2.26,9.39,0.95,8.04,346323.0,310734.0,5475876.0,6.68,-1789649.0,-2.18,7265525.0,8.86,548235.0,0.67,-6024113.0,-7.35,3964.0,1.252,1.253,699615952.0,876618788,876618788,2026-07-08,2026-07-08 15:34:27+08:00
512820,银行ETF汇添富,1.347,1.3475,0.04,0.014,1.05,647302.0,86872118.0,1.328,1.349,1.32,1.333,2.18,14.59,1.01,-26.98,329927.0,317375.0,4113969.0,4.74,-32768.0,-0.04,4146737.0,4.77,-2450611.0,-2.82,-1663358.0,-1.91,-1088.0,1.347,1.348,443801904.0,597801165,597801165,2026-07-08,2026-07-08 16:11:50+08:00
512330,信息科技ETF南方,2.216,2.2235,0.34,0.023,1.05,144937.0,32020201.0,2.204,2.284,2.135,2.193,6.79,4.03,1.13,-6.23,73713.0,71224.0,3984912.0,12.44,-1209254.0,-3.78,5194166.0,16.22,-3758003.0,-11.74,-226908.0,-0.71,-14.0,2.216,2.218,359688000.0,797068608,797068608,2026-07-08,2026-07-08 16:11:39+08:00
588280,科创50ETF华安,1.46,1.4477,-0.85,0.015,1.04,242220.0,35557730.0,1.446,1.503,1.418,1.445,5.88,9.03,0.85,38.65,102517.0,139703.0,2943545.0,8.28,-135523.0,-0.38,3079068.0,8.66,-2447851.0,-6.88,-495692.0,-1.39,-2309.0,1.46,1.461,268121000.0,391456660,391456660,2026-07-08,2026-07-08 16:11:40+08:00
563690,红利低波ETF永赢,0.967,0.9664,-0.06,0.01,1.04,25474.0,2453012.0,0.966,0.967,0.948,0.957,1.99,6.72,1.55,-1.73,15238.0,10236.0,-26093.0,-1.06,250900.0,10.23,-276993.0,-11.29,113212.0,4.62,-87119.0,-3.55,-10.0,0.967,0.97,37882000.0,36631894,36631894,2026-07-08,2026-07-08 16:11:56+08:00
159699,恒生消费ETF广发,0.872,0.8716,-0.05,0.009,1.04,299227.0,25969232.7,0.863,0.874,0.862,0.863,1.39,5.68,0.98,-53.94,149895.0,149332.0,199582.0,0.77,-708527.0,-2.73,908109.0,3.5,-322999.0,-1.24,123416.0,0.48,5624.0,0.871,0.872,526664256.0,459251231,459251231,2026-07-08,2026-07-08 15:34:09+08:00
159245,港股通消费ETF富国,0.775,0.776,0.13,0.008,1.04,22617.0,1743935.9,0.767,0.777,0.764,0.767,1.69,3.01,0.65,82.25,10235.0,12382.0,170332.0,9.77,0.0,0.0,170332.0,9.77,26494.0,1.52,-196827.0,-11.29,-2.0,0.775,0.776,75113296.0,58212804,58212804,2026-07-08,2026-07-08 15:34:06+08:00
159719,国企ETF平安,1.475,1.4782,0.22,0.015,1.03,26071.0,3846025.3,1.47,1.482,1.47,1.46,0.82,9.95,0.83,-21.83,14676.0,11395.0,169562.0,4.41,0.0,0.0,169562.0,4.41,-41830.0,-1.09,-127732.0,-3.32,-17.0,1.469,1.48,26195986.0,38639079,38639079,2026-07-08,2026-07-08 15:34:27+08:00
515290,银行ETF天弘,1.379,1.3781,-0.07,0.014,1.03,307575.0,42237249.0,1.362,1.381,1.35,1.365,2.27,1.13,0.87,-16.24,209519.0,98056.0,-5581403.0,-13.21,-4312344.0,-10.21,-1269059.0,-3.0,-1762766.0,-4.17,7344169.0,17.39,-1376.0,1.379,1.38,2714872896.0,3743809724,3743809724,2026-07-08,2026-07-08 16:11:46+08:00
560150,红利低波ETF泰康,1.076,1.0743,-0.16,0.011,1.03,68682.0,7327688.0,1.063,1.076,1.055,1.065,1.97,1.01,1.13,4.92,35053.0,33629.0,-969957.0,-13.24,-86754.0,-1.18,-883203.0,-12.05,463112.0,6.32,506846.0,6.92,-105.0,1.075,1.076,683279296.0,735208522,735208522,2026-07-08,2026-07-08 16:11:43+08:00
512730,银行ETF鹏华,1.574,1.5756,0.1,0.016,1.03,64993.0,10197976.0,1.557,1.577,1.543,1.558,2.18,9.02,0.76,-6.77,35316.0,29677.0,427203.0,4.19,224194.0,2.2,203009.0,1.99,-216691.0,-2.12,-210512.0,-2.06,26.0,1.573,1.577,72083900.0,113460059,113460059,2026-07-08,2026-07-08 16:11:45+08:00
561060,国企红利ETF华安,1.093,1.0922,-0.07,0.011,1.02,21176.0,2306404.0,1.092,1.098,1.082,1.082,1.48,3.68,1.13,-9.76,9999.0,11177.0,571026.0,24.76,0.0,0.0,571026.0,24.76,50151.0,2.17,-621178.0,-26.93,-90.0,1.093,1.095,57565000.0,62918545,62918545,2026-07-08,2026-07-08 16:11:36+08:00
561510,中药ETF华泰柏瑞,0.899,0.8971,-0.21,0.009,1.01,7975.0,711009.0,0.89,0.906,0.881,0.89,2.81,1.22,0.34,0.07,4974.0,3001.0,108924.0,15.32,22061.0,3.1,86863.0,12.22,-192843.0,-27.12,83918.0,11.8,-1.0,0.896,0.899,65206000.0,58620194,58620194,2026-07-08,2026-07-08 16:11:39+08:00
512700,银行ETF南方,1.416,1.4145,-0.11,0.014,1.0,617887.0,87014299.0,1.398,1.416,1.385,1.402,2.21,7.9,0.87,7.48,335751.0,282136.0,2444566.0,2.81,929292.0,1.07,1515274.0,1.74,-1467269.0,-1.69,-977297.0,-1.12,-369.0,1.415,1.416,782081008.0,1107426707,1107426707,2026-07-08,2026-07-08 16:11:53+08:00
588260,科创信息ETF华安,3.132,3.1165,-0.5,0.031,1.0,24287.0,7590782.0,3.1,3.233,3.047,3.101,6.0,5.55,0.8,8.7,9013.0,15274.0,963710.0,12.7,614439.0,8.09,349271.0,4.6,-734909.0,-9.68,-228802.0,-3.01,-76.0,3.13,3.132,43746000.0,137012472,137012472,2026-07-08,2026-07-08 16:11:48+08:00
159515,国企红利ETF鹏扬,1.112,1.1107,-0.12,0.011,1.0,53923.0,5941288.0,1.104,1.114,1.095,1.101,1.73,13.29,3.49,-12.48,32333.0,21590.0,-881612.0,-14.84,-1288948.0,-21.69,407336.0,6.86,689998.0,11.61,191614.0,3.23,1.0,1.108,1.112,40586631.0,45132334,45132334,2026-07-08,2026-07-08 15:34:06+08:00
589850,科创50ETF东财,1.933,1.9253,-0.4,0.019,0.99,839484.0,162252318.0,1.914,1.984,1.875,1.914,5.69,19.39,0.94,92.39,440776.0,398708.0,4239956.0,2.61,-2088213.0,-1.29,6328169.0,3.9,478952.0,0.3,-4718908.0,-2.91,-5951.0,1.933,1.934,433057008.0,837099196,837099196,2026-07-08,2026-07-08 16:11:47+08:00
589550,科创价值ETF华夏,1.426,1.4187,-0.51,0.014,0.99,16731.0,2383961.0,1.413,1.438,1.41,1.412,1.98,6.61,0.48,-0.7,5907.0,10824.0,39223.0,1.65,0.0,0.0,39223.0,1.65,-47865.0,-2.01,8641.0,0.36,2.0,1.421,1.422,25295500.0,36071383,36071383,2026-07-08,2026-07-08 16:11:42+08:00
588420,科创创业人工智能ETF摩根,1.427,1.4236,-0.24,0.014,0.99,173186.0,24915276.0,1.427,1.47,1.4,1.413,4.95,12.58,1.06,-15.14,95911.0,77275.0,1699535.0,6.82,2348166.0,9.42,-648631.0,-2.6,-1165073.0,-4.68,-534460.0,-2.15,-91.0,1.427,1.43,137648000.0,196423696,196423696,2026-07-08,2026-07-08 16:11:59+08:00
588770,科创信息ETF摩根,2.269,2.267,-0.09,0.022,0.98,84714.0,19343222.0,2.256,2.344,2.202,2.247,6.32,2.5,0.54,-59.76,34516.0,50198.0,2355603.0,12.18,4363312.0,22.56,-2007709.0,-10.38,-360563.0,-1.86,-1995041.0,-10.31,-73.0,2.269,2.276,338597104.0,768276829,768276829,2026-07-08,2026-07-08 16:11:44+08:00
159391,大盘价值ETF博时,1.029,1.0269,-0.2,0.01,0.98,19537.0,2001632.0,1.023,1.03,1.021,1.019,0.88,2.17,0.53,43.75,9764.0,9773.0,-2178.0,-0.11,0.0,0.0,-2178.0,-0.11,-21424.0,-1.07,23602.0,1.18,1.0,1.023,1.03,90076398.0,92688614,92688614,2026-07-08,2026-07-08 15:34:06+08:00
563980,800红利低波ETF鑫元,0.937,0.9352,-0.19,0.009,0.97,36115.0,3361501.0,0.926,0.937,0.92,0.928,1.83,1.74,0.85,10.8,19431.0,16684.0,68253.0,2.03,0.0,0.0,68253.0,2.03,-72061.0,-2.14,3809.0,0.11,-2.0,0.937,0.938,206967000.0,193928079,193928079,2026-07-08,2026-07-08 16:11:59+08:00
589150,科创50ETF平安,1.462,1.4533,-0.6,0.014,0.97,124294.0,18224213.0,1.448,1.504,1.421,1.448,5.73,14.9,0.71,-43.3,58274.0,66020.0,1753705.0,9.62,3577925.0,19.63,-1824220.0,-10.01,-1223780.0,-6.72,-529925.0,-2.91,-1599.0,1.462,1.465,83437200.0,121985186,121985186,2026-07-08,2026-07-08 16:11:47+08:00
510090,责任ETF建信,2.424,2.403,-0.87,0.023,0.96,667.0,161612.0,2.401,2.424,2.401,2.401,0.96,0.27,9.39,20.15,605.0,62.0,-144240.0,-89.25,0.0,0.0,-144240.0,-89.25,143016.0,88.49,1224.0,0.76,590.0,2.398,2.407,25081100.0,60796586,60796586,2026-07-08,2026-07-08 16:11:50+08:00
562390,中药ETF银华,0.842,0.8393,-0.32,0.008,0.96,16255.0,1361059.0,0.835,0.848,0.824,0.834,2.88,1.95,0.56,4.52,6121.0,10134.0,60721.0,4.46,266643.0,19.59,-205922.0,-15.13,60571.0,4.45,-121293.0,-8.91,12.0,0.84,0.842,83429000.0,70247218,70247218,2026-07-08,2026-07-08 16:11:56+08:00
517360,沪港深科技ETF华安,0.949,0.9486,-0.04,0.009,0.96,3156.0,299931.0,0.943,0.954,0.943,0.94,1.17,1.26,0.48,0.86,2083.0,1073.0,30664.0,10.22,0.0,0.0,30664.0,10.22,9985.0,3.33,-40648.0,-13.55,-51.0,0.946,0.949,25083000.0,23803767,23803767,2026-07-08,2026-07-08 16:11:54+08:00
159363,创业板人工智能ETF华宝,1.384,1.3816,-0.17,0.013,0.95,8668818.0,1206657191.577,1.377,1.427,1.359,1.371,4.96,16.07,0.83,63.13,3892042.0,4776776.0,26846560.0,2.22,43760000.0,3.63,-16913440.0,-1.4,-22107287.0,-1.83,-4739269.0,-0.39,-12381.0,1.384,1.385,5394169856.0,7465531081,7465531081,2026-07-08,2026-07-08 15:34:36+08:00
513230,港股通消费ETF华夏,0.851,0.8538,0.33,0.008,0.95,342670.0,29036901.0,0.844,0.854,0.84,0.843,1.66,11.11,1.27,8.29,179012.0,163658.0,483334.0,1.66,-832762.0,-2.87,1316096.0,4.53,-422820.0,-1.46,-60514.0,-0.21,-121.0,0.85,0.851,308422704.0,262467721,262467721,2026-07-08,2026-07-08 16:11:52+08:00
516310,银行ETF易方达,1.272,1.2722,0.02,0.012,0.95,977356.0,123898653.0,1.255,1.274,1.246,1.26,2.22,5.44,0.94,-12.69,477809.0,499547.0,8423546.0,6.8,8122821.0,6.56,300725.0,0.24,-6323512.0,-5.1,-2100034.0,-1.69,-1401.0,1.271,1.272,1797258496.0,2286112807,2286112807,2026-07-08,2026-07-08 16:11:43+08:00
510720,红利国企ETF国泰,0.959,0.9593,0.03,0.009,0.95,2089072.0,200766301.0,0.951,0.97,0.946,0.95,2.53,5.74,0.93,-1.96,1139409.0,949663.0,31434932.0,15.66,40902494.0,20.37,-9467562.0,-4.72,-20142031.0,-10.03,-11292901.0,-5.62,-3050.0,0.959,0.96,3641766000.0,3492453594,3492453594,2026-07-08,2026-07-08 16:11:48+08:00
588100,科创信息ETF嘉实,3.219,3.1975,-0.67,0.03,0.94,86410.0,27984945.0,3.189,3.32,3.124,3.189,6.15,14.34,0.99,50.71,40697.0,45713.0,2955459.0,10.56,1943262.0,6.94,1012197.0,3.62,-2273538.0,-8.12,-681921.0,-2.44,-693.0,3.219,3.221,60248700.0,193940565,193940565,2026-07-08,2026-07-08 16:11:46+08:00
516210,银行ETF华安,1.308,1.3099,0.15,0.012,0.93,70806.0,9223283.0,1.291,1.311,1.283,1.296,2.16,8.45,0.92,-24.61,36376.0,34430.0,-437632.0,-4.74,12248.0,0.13,-449880.0,-4.88,392273.0,4.25,45358.0,0.49,-1.0,1.308,1.31,83831000.0,109650948,109650948,2026-07-08,2026-07-08 16:11:56+08:00
159121,港股通汽车ETF易方达,0.761,0.7591,-0.25,0.007,0.93,525992.0,39890321.063,0.755,0.767,0.751,0.754,2.12,43.3,0.71,8.95,268580.0,257412.0,810370.0,2.03,-2148190.0,-5.39,2958560.0,7.42,-660347.0,-1.66,-150022.0,-0.38,-2367.0,0.761,0.762,121481127.0,92447138,92447138,2026-07-08,2026-07-08 15:34:21+08:00
159381,创业板人工智能ETF华夏,1.309,1.3086,-0.03,0.012,0.93,4604391.0,604820147.26,1.307,1.35,1.287,1.297,4.86,28.26,1.28,58.58,2093767.0,2510624.0,-985473.0,-0.16,-3897605.0,-0.64,2912132.0,0.48,4910677.0,0.81,-3925210.0,-0.65,-5086.0,1.309,1.31,1629153200.0,2132561539,2132561539,2026-07-08,2026-07-08 15:34:36+08:00
159268,港股通消费ETF汇添富,0.768,0.7693,0.17,0.007,0.92,246044.0,18839575.7,0.766,0.771,0.759,0.761,1.58,5.76,0.73,-75.8,135788.0,110256.0,-22996.0,-0.12,1147664.0,6.09,-1170660.0,-6.21,241196.0,1.28,-218200.0,-1.16,240.0,0.767,0.768,427055024.0,327978258,327978258,2026-07-08,2026-07-08 15:34:42+08:00
159307,红利低波100ETF博时,0.99,0.991,0.1,0.009,0.92,934153.0,92042107.84,0.981,0.992,0.975,0.981,1.73,1.25,0.81,-14.63,472666.0,461487.0,1374740.0,1.49,459699.0,0.5,915041.0,0.99,-75101.0,-0.08,-1299638.0,-1.41,-1685.0,0.99,0.991,7459903488.0,7385304453,7385304453,2026-07-08,2026-07-08 15:34:57+08:00
159228,红利低波ETF长城,0.986,0.9847,-0.13,0.009,0.92,17436.0,1703224.3,0.972,0.986,0.972,0.977,1.43,1.53,3.27,62.51,888.0,16548.0,28535.0,1.68,1097210.0,64.42,-1068675.0,-62.74,-79412.0,-4.66,50877.0,2.99,-70.0,0.986,0.987,114212692.0,112613714,112613714,2026-07-08,2026-07-08 15:34:18+08:00
512750,基本面50ETF嘉实,1.35,1.3466,-0.25,0.012,0.9,32453.0,4365467.0,1.334,1.35,1.334,1.338,1.2,6.84,1.22,0.2,14519.0,17934.0,-353693.0,-8.1,0.0,0.0,-353693.0,-8.1,387203.0,8.87,-33511.0,-0.77,-1.0,1.345,1.35,47454900.0,64064115,64064115,2026-07-08,2026-07-08 16:11:58+08:00
517100,沪港深500ETF富国,1.02,1.0216,0.16,0.009,0.89,22769.0,2314438.0,1.012,1.024,1.012,1.011,1.19,1.45,1.63,1.65,9004.0,13765.0,-279198.0,-12.06,-1006095.0,-43.47,726897.0,31.41,285708.0,12.34,-6511.0,-0.28,10.0,1.019,1.02,157102100.0,160244142,160244142,2026-07-08,2026-07-08 16:11:56+08:00
159382,创业板人工智能ETF南方,2.955,2.9487,-0.21,0.026,0.89,472991.0,140177085.2,2.935,3.044,2.902,2.929,4.85,5.84,0.77,-13.43,219859.0,253132.0,974830.0,0.7,-1895963.0,-1.35,2870793.0,2.05,109967.0,0.08,-1084797.0,-0.77,-1411.0,2.955,2.956,810055712.0,2393714629,2393714629,2026-07-08,2026-07-08 15:34:45+08:00
588000,科创50ETF华夏,2.145,2.1244,-0.97,0.019,0.89,35749752.0,7689417203.0,2.142,2.208,2.083,2.126,5.88,11.48,0.92,76.06,17716411.0,18033341.0,219291664.0,2.85,230488400.0,3.0,-11196736.0,-0.15,-130641136.0,-1.7,-88650544.0,-1.15,-199956.0,2.145,2.146,31148668160.0,66813893203,66813893203,2026-07-08,2026-07-08 16:11:36+08:00
159547,红利低波ETF华夏,1.144,1.1442,0.02,0.01,0.88,2792821.0,318446976.6,1.132,1.147,1.124,1.134,2.03,20.63,2.17,-50.48,1788947.0,1003874.0,2727496.0,0.86,24952808.0,7.84,-22225312.0,-6.98,-2575667.0,-0.81,-151828.0,-0.05,972.0,1.143,1.144,1353786080.0,1548731276,1548731276,2026-07-08,2026-07-08 15:34:27+08:00
513970,恒生消费ETF景顺,0.804,0.8046,0.07,0.007,0.88,635757.0,50879041.0,0.795,0.807,0.795,0.797,1.51,4.34,0.88,10.14,364311.0,271446.0,751073.0,1.48,270135.0,0.53,480938.0,0.95,-1492550.0,-2.93,741476.0,1.46,-1233.0,0.803,0.804,1466041008.0,1178696970,1178696970,2026-07-08,2026-07-08 16:11:32+08:00
588940,科创50ETF富国,2.086,2.0807,-0.25,0.018,0.87,717974.0,150149584.0,2.071,2.147,2.026,2.068,5.85,13.56,0.91,-9.71,374368.0,343606.0,1576274.0,1.05,-1596255.0,-1.06,3172529.0,2.11,-911075.0,-0.61,-665199.0,-0.44,-2373.0,2.086,2.087,529420000.0,1104370120,1104370120,2026-07-08,2026-07-08 16:11:51+08:00
560520,红利低波100ETF大成,1.06,1.0604,0.04,0.009,0.86,5043.0,531730.0,1.05,1.06,1.05,1.051,0.95,1.49,0.47,19.26,2447.0,2596.0,1591.0,0.3,-105.0,-0.02,1696.0,0.32,25320.0,4.76,-26911.0,-5.06,-1.0,1.059,1.06,33751000.0,35776060,35776060,2026-07-08,2026-07-08 16:11:56+08:00
520520,恒生消费ETF华泰柏瑞,0.938,0.9356,-0.26,0.008,0.86,122422.0,11409867.0,0.93,0.941,0.926,0.93,1.61,22.63,2.45,17.15,73997.0,48425.0,393999.0,3.45,0.0,0.0,393999.0,3.45,-269138.0,-2.36,-124861.0,-1.09,-2063.0,0.937,0.938,54106000.0,50751428,50751428,2026-07-08,2026-07-08 16:11:33+08:00
563510,A500红利低波ETF易方达,0.943,0.9446,0.17,0.008,0.86,75765.0,7130462.0,0.938,0.946,0.931,0.935,1.6,2.39,1.04,-28.1,28570.0,47195.0,-308407.0,-4.33,-205296.0,-2.88,-103111.0,-1.45,250321.0,3.51,58086.0,0.81,-115.0,0.942,0.943,317537008.0,299437399,299437399,2026-07-08,2026-07-08 16:11:51+08:00
510810,上海国企ETF汇添富,0.827,0.8285,0.18,0.007,0.85,101640.0,8397523.0,0.82,0.831,0.818,0.82,1.59,0.17,2.23,23.93,58312.0,43328.0,-379838.0,-4.52,-1076060.0,-12.81,696222.0,8.29,248484.0,2.96,131353.0,1.56,-1.0,0.827,0.829,6061593600.0,5012937907,5012937907,2026-07-08,2026-07-08 16:11:33+08:00
561680,A500红利低波ETF平安,0.948,0.947,-0.11,0.008,0.85,10294.0,972716.0,0.94,0.949,0.939,0.94,1.06,1.45,0.64,-6.4,4686.0,5608.0,24053.0,2.47,0.0,0.0,24053.0,2.47,-4163.0,-0.43,-19890.0,-2.04,-1.0,0.946,0.948,71169000.0,67468212,67468212,2026-07-08,2026-07-08 16:11:33+08:00
563180,高股息ETF银华,1.071,1.0685,-0.23,0.009,0.85,62984.0,6726203.0,1.065,1.077,1.06,1.062,1.6,5.46,0.88,6.74,25754.0,37230.0,-353632.0,-5.26,27978.0,0.42,-381610.0,-5.67,-1683.0,-0.03,355316.0,5.28,-1.0,1.068,1.071,115420000.0,123614820,123614820,2026-07-08,2026-07-08 16:11:43+08:00
588720,科创50ETF中银,2.03,2.0253,-0.23,0.017,0.84,46962.0,9589658.0,2.013,2.086,1.972,2.013,5.66,5.09,0.66,-12.4,26576.0,20386.0,1330085.0,13.87,2823110.0,29.44,-1493025.0,-15.57,-1173335.0,-12.24,-156750.0,-1.63,-106.0,2.028,2.03,92241800.0,187250854,187250854,2026-07-08,2026-07-08 16:11:34+08:00
159647,中药ETF鹏华,0.855,0.8563,0.15,0.007,0.83,255648.0,21844712.0,0.846,0.864,0.841,0.848,2.71,1.65,0.89,-27.87,142094.0,113554.0,1430130.0,6.55,-696520.0,-3.19,2126650.0,9.74,-1191581.0,-5.45,-238550.0,-1.09,-908.0,0.855,0.856,1548961760.0,1324362305,1324362305,2026-07-08,2026-07-08 15:34:27+08:00
563890,国企红利ETF创金合信,0.993,0.9939,0.09,0.008,0.81,6008.0,596622.0,0.986,1.001,0.986,0.985,1.52,2.42,1.31,-2.8,1817.0,4191.0,-182951.0,-30.66,0.0,0.0,-182951.0,-30.66,154950.0,25.97,28001.0,4.69,-1.0,0.991,0.993,24836000.0,24662148,24662148,2026-07-08,2026-07-08 16:11:39+08:00
510030,价值ETF华宝,0.999,0.9976,-0.14,0.008,0.81,41165.0,4102353.0,0.988,1.002,0.986,0.991,1.61,2.53,0.65,7.01,30401.0,10764.0,-462742.0,-11.28,0.0,0.0,-462742.0,-11.28,540099.0,13.17,-77358.0,-1.89,-1.0,0.996,0.999,162729800.0,162567070,162567070,2026-07-08,2026-07-08 16:11:59+08:00
512530,沪深300红利ETF建信,1.516,1.513,-0.2,0.012,0.8,45188.0,6833303.0,1.506,1.52,1.501,1.504,1.26,4.41,0.78,-43.57,20132.0,25056.0,-159679.0,-2.34,0.0,0.0,-159679.0,-2.34,-723303.0,-10.58,882981.0,12.92,-3.0,1.515,1.516,102502000.0,155393032,155393032,2026-07-08,2026-07-08 16:11:33+08:00
563700,红利价值ETF易方达,1.018,1.0174,-0.06,0.008,0.79,73954.0,7506133.0,1.009,1.022,1.004,1.01,1.78,1.82,0.7,10.63,33567.0,40387.0,177592.0,2.37,0.0,0.0,177592.0,2.37,-94372.0,-1.26,-83220.0,-1.11,-5.0,1.017,1.018,406150000.0,413460700,413460700,2026-07-08,2026-07-08 16:11:53+08:00
159186,港股通汽车ETF鹏华,0.763,0.7629,-0.01,0.006,0.79,13912.0,1058689.9,0.757,0.769,0.753,0.757,2.11,1.5,0.42,-67.44,10466.0,3446.0,90051.0,8.51,0.0,0.0,90051.0,8.51,-24325.0,-2.3,-65727.0,-6.21,-15.0,0.763,0.764,92869245.0,70859234,70859234,2026-07-08,2026-07-08 15:34:00+08:00
588080,科创50ETF易方达,2.078,2.0597,-0.89,0.016,0.78,7855067.0,1636865643.0,2.072,2.141,2.022,2.062,5.77,3.94,0.78,65.64,4062906.0,3792161.0,-3283088.0,-0.2,-10928608.0,-0.67,7645520.0,0.47,26230320.0,1.6,-22947234.0,-1.4,-22892.0,2.078,2.079,19957628160.0,41471951316,41471951316,2026-07-08,2026-07-08 16:11:33+08:00
560020,红利ETF汇添富,1.051,1.0488,-0.21,0.008,0.77,35246.0,3689478.0,1.045,1.058,1.038,1.043,1.92,2.78,0.65,14.34,21245.0,14001.0,221371.0,6.0,1230916.0,33.36,-1009545.0,-27.36,-228823.0,-6.2,7452.0,0.2,-306.0,1.05,1.051,126562000.0,133016662,133016662,2026-07-08,2026-07-08 16:11:50+08:00
159028,港股汽车ETF天弘,0.786,0.7873,0.17,0.006,0.77,29841.0,2342984.725,0.774,0.793,0.774,0.78,2.44,2.31,0.6,6.1,14699.0,15142.0,162793.0,6.95,0.0,0.0,162793.0,6.95,-65055.0,-2.78,-97739.0,-4.17,-5.0,0.786,0.788,129449016.0,101746927,101746927,2026-07-08,2026-07-08 15:34:36+08:00
588090,科创50ETF华泰柏瑞,2.087,2.065,-1.07,0.016,0.77,678218.0,141706654.0,2.088,2.145,2.028,2.071,5.65,3.07,0.37,12.28,332248.0,345970.0,5374745.0,3.79,14993797.0,10.58,-9619052.0,-6.79,687472.0,0.49,-6062218.0,-4.28,-2832.0,2.087,2.088,2211072800.0,4614508934,4614508934,2026-07-08,2026-07-08 16:11:55+08:00
159766,旅游ETF富国,0.547,0.5455,-0.27,0.004,0.74,2844692.0,155612342.1,0.548,0.554,0.542,0.543,2.21,5.12,1.06,46.54,1337385.0,1507307.0,-6312163.0,-4.06,-11237499.0,-7.22,4925336.0,3.17,5339264.0,3.43,972899.0,0.63,-35592.0,0.547,0.548,5555641088.0,3038935675,3038935675,2026-07-08,2026-07-08 15:34:42+08:00
588050,科创50ETF工银,2.076,2.0694,-0.32,0.015,0.73,1443304.0,300430287.0,2.072,2.141,2.021,2.061,5.82,3.17,0.49,14.24,801899.0,641405.0,12281337.0,4.09,-13698431.0,-4.56,25979768.0,8.65,-3759602.0,-1.25,-8521735.0,-2.84,-8669.0,2.076,2.077,4559241216.0,9464984764,9464984764,2026-07-08,2026-07-08 16:11:55+08:00
517010,沪港深500ETF易方达,1.119,1.1203,0.12,0.008,0.72,27283.0,3047560.0,1.113,1.123,1.112,1.111,0.99,3.13,0.95,0.22,16741.0,10542.0,149125.0,4.89,0.0,0.0,149125.0,4.89,-137885.0,-4.52,-11239.0,-0.37,42.0,1.117,1.12,87144200.0,97514360,97514360,2026-07-08,2026-07-08 16:11:44+08:00
159388,创业板人工智能ETF国泰,1.13,1.1288,-0.11,0.008,0.71,1068178.0,121257116.0,1.12,1.166,1.112,1.122,4.81,12.35,0.7,33.62,511476.0,556702.0,1609465.0,1.33,2086201.0,1.72,-476736.0,-0.39,-845260.0,-0.7,-764205.0,-0.63,-1346.0,1.13,1.131,864736992.0,977152801,977152801,2026-07-08,2026-07-08 15:34:03+08:00
159930,能源ETF汇添富,1.572,1.5711,-0.06,0.011,0.7,673666.0,106378783.5,1.571,1.6,1.565,1.561,2.24,13.41,1.02,-32.25,426162.0,247504.0,-25254890.0,-23.74,-19657168.0,-18.48,-5597722.0,-5.26,19879355.0,18.69,5375535.0,5.05,-553.0,1.572,1.574,502398144.0,789769882,789769882,2026-07-08,2026-07-08 15:34:39+08:00
517170,沪港深500ETF华夏,1.007,1.0089,0.19,0.007,0.7,16950.0,1701760.0,1.0,1.011,1.0,1.0,1.1,10.51,1.41,-0.84,5245.0,11705.0,33470.0,1.97,0.0,0.0,33470.0,1.97,5145.0,0.3,-38615.0,-2.27,-1000.0,1.007,1.01,16131800.0,16244723,16244723,2026-07-08,2026-07-08 16:11:48+08:00
517000,沪港深500ETF银华,1.008,1.0101,0.21,0.007,0.7,2707.0,273274.0,1.003,1.011,1.002,1.001,0.9,0.2,0.34,-21.84,1528.0,1179.0,-8526.0,-3.12,0.0,0.0,-8526.0,-3.12,78594.0,28.76,-70069.0,-25.64,600.0,1.006,1.01,132793000.0,133855344,133855344,2026-07-08,2026-07-08 16:11:56+08:00
