代码,名称,最新价,IOPV实时估值,基金折价率,涨跌额,涨跌幅,成交量,成交额,开盘价,最高价,最低价,昨收,振幅,换手率,量比,委比,外盘,内盘,主力净流入-净额,主力净流入-净占比,超大单净流入-净额,超大单净流入-净占比,大单净流入-净额,大单净流入-净占比,中单净流入-净额,中单净流入-净占比,小单净流入-净额,小单净流入-净占比,现手,买一,卖一,最新份额,流通市值,总市值,数据日期,更新时间
159827,农业ETF银华,0.775,0.7669,-1.06,0.032,4.31,79385.0,6055504.1,0.746,0.775,0.744,0.743,4.17,8.66,1.48,-57.58,41320.0,38065.0,-128247.0,-2.12,191179.0,3.16,-319426.0,-5.27,88978.0,1.47,39269.0,0.65,452.0,0.773,0.775,91716463.0,71080259,71080259,2026-07-06,2026-07-06 15:34:33+08:00
159027,畜牧养殖ETF大成,0.898,0.8945,-0.39,0.037,4.3,159381.0,14155635.878,0.864,0.898,0.864,0.861,3.95,12.7,1.19,77.72,94552.0,64829.0,-2580395.0,-18.23,-2573056.0,-18.18,-7339.0,-0.05,1810184.0,12.79,770212.0,5.44,-9222.0,0.898,0.899,125472283.0,112674110,112674110,2026-07-06,2026-07-06 15:34:27+08:00
159020,养殖ETF易方达,0.9,0.8941,-0.66,0.037,4.29,237206.0,21029633.81,0.865,0.9,0.865,0.863,4.06,18.45,1.59,34.29,153432.0,83774.0,-4013658.0,-19.09,-2696855.0,-12.82,-1316803.0,-6.26,2622299.0,12.47,1391359.0,6.62,-3706.0,0.9,0.901,128567082.0,115710374,115710374,2026-07-06,2026-07-06 15:34:27+08:00
515220,煤炭ETF国泰,1.162,1.1594,-0.22,0.047,4.22,12513047.0,1430209465.0,1.106,1.163,1.102,1.115,5.47,10.6,1.55,38.09,8469546.0,4043501.0,-63166192.0,-4.42,-44127744.0,-3.09,-19038448.0,-1.33,60316544.0,4.22,2849659.0,0.2,-135191.0,1.161,1.162,11807176960.0,13719939628,13719939628,2026-07-06,2026-07-06 16:11:34+08:00
159172,养殖ETF汇添富,0.825,0.8214,-0.44,0.032,4.04,286791.0,23305987.8,0.794,0.825,0.794,0.793,3.91,7.47,1.37,35.87,193398.0,93393.0,1108597.0,4.76,28547.0,0.12,1080050.0,4.63,-791070.0,-3.39,-317526.0,-1.36,1303.0,0.824,0.825,383829296.0,316659169,316659169,2026-07-06,2026-07-06 15:34:42+08:00
159023,养殖ETF万家,1.052,1.0523,0.03,0.04,3.95,206415.0,21487679.025,1.012,1.054,1.012,1.012,4.15,28.36,1.23,-51.8,130440.0,75975.0,-765539.0,-3.56,466362.0,2.17,-1231901.0,-5.73,225452.0,1.05,540087.0,2.51,566.0,1.051,1.052,72777943.0,76562396,76562396,2026-07-06,2026-07-06 15:34:39+08:00
512450,畜牧养殖ETF广发,0.884,0.8805,-0.4,0.033,3.88,151927.0,13287339.0,0.851,0.886,0.851,0.851,4.11,13.0,1.23,30.99,78378.0,73549.0,64371.0,0.48,64789.0,0.49,-418.0,0.0,-51551.0,-0.39,-12820.0,-0.1,-7574.0,0.884,0.886,116867000.0,103310428,103310428,2026-07-06,2026-07-06 16:11:57+08:00
159865,养殖ETF国泰,0.536,0.5353,-0.13,0.02,3.88,7588576.0,401846296.156,0.519,0.537,0.517,0.516,3.88,6.81,1.44,-13.65,5006623.0,2581953.0,-14437580.0,-3.59,-29404331.0,-7.32,14966751.0,3.72,17913206.0,4.46,-3475627.0,-0.86,130602.0,0.535,0.536,11150455552.0,5976644176,5976644176,2026-07-06,2026-07-06 15:34:39+08:00
159867,养殖ETF鹏华,0.547,0.5454,-0.29,0.02,3.8,1063822.0,57203977.6,0.529,0.547,0.527,0.527,3.8,6.16,1.23,4.46,677194.0,386628.0,3236868.0,5.66,2295855.0,4.01,941013.0,1.65,-926545.0,-1.62,-2310324.0,-4.04,-7913.0,0.547,0.548,1726643600.0,944474049,944474049,2026-07-06,2026-07-06 15:34:42+08:00
159930,能源ETF汇添富,1.588,1.5852,-0.18,0.058,3.79,565173.0,88295424.6,1.526,1.591,1.524,1.53,4.38,11.25,0.9,-74.26,284154.0,281019.0,-25910209.0,-29.34,-25919207.0,-29.36,8998.0,0.01,12331767.0,13.97,13578441.0,15.38,4773.0,1.587,1.588,502398144.0,797808253,797808253,2026-07-06,2026-07-06 15:34:21+08:00
516760,养殖ETF平安,0.576,0.5746,-0.24,0.021,3.78,242191.0,13749372.0,0.557,0.576,0.556,0.555,3.6,7.59,1.23,9.21,124585.0,117606.0,866898.0,6.31,164129.0,1.19,702769.0,5.11,-518653.0,-3.77,-348246.0,-2.53,-3343.0,0.575,0.576,319215104.0,183867900,183867900,2026-07-06,2026-07-06 16:11:48+08:00
562900,农业ETF易方达,0.671,0.669,-0.3,0.024,3.71,403393.0,26764013.0,0.647,0.671,0.647,0.647,3.71,18.19,1.32,8.5,262503.0,140890.0,-857680.0,-3.2,-1993854.0,-7.45,1136174.0,4.25,791207.0,2.96,66472.0,0.25,-8185.0,0.671,0.672,221706300.0,148764927,148764927,2026-07-06,2026-07-06 16:11:42+08:00
159945,能源ETF广发,1.26,1.2589,-0.09,0.045,3.7,163455.0,20424805.5,1.218,1.264,1.2,1.215,5.27,24.55,2.25,61.16,95818.0,67637.0,-5856249.0,-28.67,-3386338.0,-16.58,-2469911.0,-12.09,1386711.0,6.79,4469538.0,21.88,-5252.0,1.26,1.264,66572327.0,83881132,83881132,2026-07-06,2026-07-06 15:34:15+08:00
159165,养殖ETF永赢,0.855,0.8544,-0.07,0.03,3.64,168245.0,14254849.241,0.833,0.858,0.827,0.825,3.76,15.5,1.5,-47.22,98831.0,69414.0,-1676967.0,-11.76,193809.0,1.36,-1870776.0,-13.12,969692.0,6.8,707276.0,4.96,-972.0,0.855,0.856,108571257.0,92828425,92828425,2026-07-06,2026-07-06 15:34:36+08:00
159007,养殖ETF华泰柏瑞,0.867,0.8653,-0.2,0.03,3.58,275524.0,23575977.874,0.841,0.867,0.838,0.837,3.46,13.8,1.16,18.99,161426.0,114098.0,-1048893.0,-4.45,-471940.0,-2.0,-576953.0,-2.45,627050.0,2.66,421844.0,1.79,-608.0,0.867,0.868,199603274.0,173056039,173056039,2026-07-06,2026-07-06 15:34:21+08:00
159011,养殖ETF华安,1.044,1.047,0.29,0.035,3.47,232469.0,23950377.981,1.008,1.048,1.008,1.009,3.96,36.04,1.19,-89.91,131967.0,100502.0,448680.0,1.87,615215.0,2.57,-166535.0,-0.7,-483526.0,-2.02,34844.0,0.15,355.0,1.043,1.044,64505168.0,67343395,67343395,2026-07-06,2026-07-06 15:34:24+08:00
516670,畜牧养殖ETF招商,0.602,0.6019,-0.02,0.02,3.44,1191727.0,70783596.0,0.586,0.604,0.582,0.582,3.78,3.9,1.19,8.4,687996.0,503731.0,35536.0,0.05,-8453818.0,-11.94,8489354.0,11.99,1092387.0,1.54,-1127922.0,-1.59,-3898.0,0.602,0.603,3055266304.0,1839270315,1839270315,2026-07-06,2026-07-06 16:11:56+08:00
159275,农牧渔ETF华宝,0.822,0.82,-0.24,0.027,3.4,200149.0,16270656.6,0.795,0.824,0.795,0.795,3.65,8.06,1.15,-12.03,123002.0,77147.0,-115415.0,-0.71,-561826.0,-3.45,446411.0,2.74,154875.0,0.95,-39459.0,-0.24,-1.0,0.822,0.823,248302909.0,204104991,204104991,2026-07-06,2026-07-06 15:34:57+08:00
159041,农业ETF鹏华,0.992,0.9898,-0.22,0.032,3.33,88582.0,8735352.283,0.96,0.994,0.96,0.96,3.54,5.7,2.14,-19.78,60163.0,28418.0,1463964.0,16.76,3397601.0,38.89,-1933637.0,-22.14,-1573015.0,-18.01,109050.0,1.25,3.0,0.98,0.99,155471832.0,154228057,154228057,2026-07-06,2026-07-06 15:34:48+08:00
560210,农牧渔ETF景顺,0.781,0.7799,-0.14,0.025,3.31,132262.0,10201747.0,0.756,0.782,0.746,0.756,4.76,2.41,0.98,6.66,70662.0,61600.0,1604075.0,15.72,1038968.0,10.18,565107.0,5.54,-1182200.0,-11.59,-421875.0,-4.14,-960.0,0.78,0.781,549522000.0,429176682,429176682,2026-07-06,2026-07-06 16:11:57+08:00
159173,农牧ETF南方,0.848,0.8478,-0.02,0.027,3.29,125013.0,10478330.6,0.825,0.849,0.825,0.821,2.92,22.54,1.04,-16.93,63733.0,61280.0,-301648.0,-2.88,66263.0,0.63,-367911.0,-3.51,190674.0,1.82,110973.0,1.06,123.0,0.848,0.849,55455388.0,47026169,47026169,2026-07-06,2026-07-06 15:34:45+08:00
516810,农业ETF华夏,0.731,0.7296,-0.19,0.022,3.1,1476647.0,106879818.0,0.711,0.732,0.711,0.709,2.96,28.05,1.01,2.21,853380.0,623267.0,-921874.0,-0.86,1095925.0,1.03,-2017799.0,-1.89,307492.0,0.29,614383.0,0.57,-4666.0,0.73,0.731,526478896.0,384856073,384856073,2026-07-06,2026-07-06 16:11:51+08:00
159985,豆粕ETF华夏,2.125,2.0241,-4.98,0.06,2.91,1728245.0,363335142.807,2.095,2.125,2.086,2.065,1.89,11.42,1.3,7.77,894370.0,833874.0,41647408.0,11.46,6338672.0,1.74,35308736.0,9.72,-21401771.0,-5.89,-20245637.0,-5.57,-18296.0,2.125,2.126,1512724064.0,3214538636,3214538636,2026-07-06,2026-07-06 15:34:33+08:00
159217,港股通创新药ETF工银,1.172,1.1701,-0.16,0.033,2.9,13287147.0,1579652337.7,1.14,1.216,1.139,1.139,6.76,26.84,1.53,1.71,6619201.0,6667946.0,-31447955.0,-1.99,-8705043.0,-0.55,-22742912.0,-1.44,22983232.0,1.45,8464723.0,0.54,-17680.0,1.172,1.173,4951157504.0,5802756595,5802756595,2026-07-06,2026-07-06 15:34:36+08:00
159825,农业ETF富国,0.711,0.7101,-0.13,0.02,2.89,1578734.0,111476908.404,0.693,0.713,0.693,0.691,2.89,6.9,1.11,39.14,906995.0,671739.0,3189156.0,2.86,-32252.0,-0.03,3221408.0,2.89,-281518.0,-0.25,-2907639.0,-2.61,-7820.0,0.711,0.712,2287077408.0,1626112037,1626112037,2026-07-06,2026-07-06 15:34:24+08:00
159316,港股通创新药ETF易方达,1.152,1.1484,-0.31,0.032,2.86,29270718.0,3423041184.38,1.125,1.197,1.125,1.12,6.43,69.89,2.42,-17.13,15633692.0,13637026.0,-628756992.0,-18.37,-739239824.0,-21.6,110482832.0,3.23,398793472.0,11.65,229963516.0,6.72,41207.0,1.151,1.152,4188336144.0,4824963238,4824963238,2026-07-06,2026-07-06 15:34:36+08:00
159132,恒生生物科技ETF富国,0.899,0.8963,-0.3,0.025,2.86,1022688.0,92749494.722,0.875,0.926,0.87,0.874,6.41,87.44,2.11,-47.08,503185.0,519503.0,706766.0,0.76,293401.0,0.32,413365.0,0.45,-1850061.0,-1.99,1143296.0,1.23,1920.0,0.898,0.899,116963558.0,105150239,105150239,2026-07-06,2026-07-06 15:34:12+08:00
520930,恒生生物科技ETF国泰,0.901,0.8998,-0.13,0.025,2.85,875725.0,79609013.0,0.878,0.928,0.878,0.876,5.71,70.21,2.17,-4.46,431862.0,443863.0,734210.0,0.92,2084609.0,2.62,-1350399.0,-1.7,-606763.0,-0.76,-127447.0,-0.16,-758.0,0.899,0.901,124733000.0,112384433,112384433,2026-07-06,2026-07-06 16:11:59+08:00
512620,农业ETF天弘,0.867,0.8647,-0.27,0.024,2.85,109431.0,9408480.0,0.859,0.867,0.844,0.843,2.73,0.9,0.41,3.9,66522.0,42909.0,-454817.0,-4.83,-1100814.0,-11.7,645997.0,6.87,240245.0,2.55,214571.0,2.28,-484.0,0.866,0.867,1217666000.0,1055716422,1055716422,2026-07-06,2026-07-06 16:11:33+08:00
520690,港股创新药ETF博时,0.736,0.7371,0.15,0.02,2.79,3617345.0,269966007.0,0.717,0.762,0.717,0.716,6.28,51.42,1.62,-21.5,1897814.0,1719531.0,117699.0,0.04,-5691943.0,-2.11,5809642.0,2.15,-1501978.0,-0.56,1384281.0,0.51,-10261.0,0.736,0.737,703454000.0,517742144,517742144,2026-07-06,2026-07-06 16:11:44+08:00
520880,港股通创新药ETF华宝,0.452,0.4542,0.48,0.012,2.73,26962277.0,1236299641.0,0.444,0.468,0.442,0.44,5.91,48.92,1.62,-3.37,13419715.0,13542562.0,-8006240.0,-0.65,10007536.0,0.81,-18013776.0,-1.46,2695153.0,0.22,5311102.0,0.43,-67549.0,0.452,0.453,5511618048.0,2491251358,2491251358,2026-07-06,2026-07-06 16:11:59+08:00
530880,红利国企ETF银河,1.02,1.0157,-0.42,0.027,2.72,35250.0,3558248.0,0.99,1.02,0.985,0.993,3.52,7.53,1.04,53.3,21178.0,14072.0,491668.0,13.82,291185.0,8.18,200483.0,5.63,-425801.0,-11.97,-65868.0,-1.85,-8719.0,1.02,1.021,46836000.0,47772720,47772720,2026-07-06,2026-07-06 16:11:59+08:00
159303,恒生医疗ETF大成,1.496,1.5021,0.41,0.039,2.68,2421341.0,365615747.1,1.457,1.541,1.453,1.457,6.04,220.14,1.71,-28.39,1229314.0,1192027.0,-389774.0,-0.11,2221551.0,0.61,-2611325.0,-0.71,-4065377.0,-1.11,4455151.0,1.22,4006.0,1.495,1.496,109991693.0,164547573,164547573,2026-07-06,2026-07-06 15:34:27+08:00
159297,港股通创新药ETF南方,0.729,0.7293,0.04,0.019,2.68,9953424.0,735009719.711,0.714,0.755,0.71,0.71,6.34,29.74,1.45,-48.05,4998625.0,4954799.0,-7735822.0,-1.05,14376178.0,1.96,-22112000.0,-3.01,3722257.0,0.51,4013561.0,0.55,12079.0,0.728,0.729,3346418640.0,2439539189,2439539189,2026-07-06,2026-07-06 15:34:27+08:00
159286,港股通创新药ETF鹏华,0.748,0.7465,-0.2,0.019,2.61,4551654.0,345438378.7,0.735,0.777,0.729,0.729,6.58,56.7,1.87,-2.03,2283338.0,2268316.0,-6302278.0,-1.82,-14693829.0,-4.25,8391551.0,2.43,1199656.0,0.35,5102622.0,1.48,18653.0,0.747,0.748,802785408.0,600483485,600483485,2026-07-06,2026-07-06 15:34:48+08:00
159570,港股通创新药ETF汇添富,1.444,1.443,-0.07,0.036,2.56,38191803.0,5592483944.515,1.409,1.503,1.409,1.408,6.68,23.73,1.38,24.38,19768889.0,18422914.0,-121692704.0,-2.18,-179158288.0,-3.2,57465584.0,1.03,89279664.0,1.6,32413040.0,0.58,115228.0,1.443,1.444,16093597184.0,23239154334,23239154334,2026-07-06,2026-07-06 15:34:27+08:00
159589,红利ETF广发,1.045,1.0406,-0.42,0.026,2.55,105106.0,10832417.1,1.022,1.045,1.012,1.019,3.24,4.62,1.07,43.95,58519.0,46587.0,-2684223.0,-24.78,-699677.0,-6.46,-1984546.0,-18.32,626194.0,5.78,2058029.0,19.0,-548.0,1.045,1.046,227590005.0,237831555,237831555,2026-07-06,2026-07-06 15:34:21+08:00
159557,恒生医疗ETF嘉实,1.37,1.3732,0.23,0.034,2.54,1629838.0,225578026.5,1.335,1.41,1.334,1.336,5.69,111.71,1.61,-8.93,798215.0,831623.0,-3776712.0,-1.67,782941.0,0.35,-4559653.0,-2.02,1205829.0,0.53,2570883.0,1.14,727.0,1.369,1.37,145894955.0,199876088,199876088,2026-07-06,2026-07-06 15:34:03+08:00
520500,恒生创新药ETF华泰柏瑞,1.427,1.4296,0.18,0.035,2.51,24652145.0,3577559127.0,1.396,1.486,1.387,1.392,7.11,124.02,1.43,-6.2,12313881.0,12338264.0,-67366752.0,-1.88,-65972832.0,-1.84,-1393920.0,-0.04,30762768.0,0.86,36603971.0,1.02,-47010.0,1.427,1.428,1987805008.0,2836597746,2836597746,2026-07-06,2026-07-06 16:11:33+08:00
159018,石油ETF广发,0.866,0.8611,-0.57,0.021,2.49,51847.0,4459334.2,0.845,0.866,0.845,0.845,2.49,17.34,1.44,-7.14,19423.0,32424.0,-775899.0,-17.4,0.0,0.0,-775899.0,-17.4,-389822.0,-8.74,1165721.0,26.14,67.0,0.857,0.866,29904203.0,25897040,25897040,2026-07-06,2026-07-06 15:34:24+08:00
513280,恒生生物科技ETF汇添富,1.037,1.0372,0.02,0.025,2.47,1959748.0,205233192.0,1.021,1.068,1.011,1.012,5.63,48.02,1.43,-19.37,953508.0,1006240.0,6399071.0,3.12,7434033.0,3.62,-1034962.0,-0.5,-5260167.0,-2.56,-1138902.0,-0.55,-2098.0,1.037,1.038,408114496.0,423214732,423214732,2026-07-06,2026-07-06 16:11:42+08:00
159169,恒生生物科技ETF广发,0.918,0.9218,0.41,0.022,2.46,824857.0,76552804.1,0.899,0.947,0.896,0.896,5.69,43.67,1.66,-67.07,423743.0,401114.0,1716001.0,2.24,1100274.0,1.44,615727.0,0.8,-1180179.0,-1.54,-535822.0,-0.7,-1026.0,0.918,0.919,188874485.0,173386777,173386777,2026-07-06,2026-07-06 15:34:12+08:00
159616,农牧ETF建信,0.791,0.7898,-0.15,0.019,2.46,202410.0,15926370.2,0.772,0.792,0.772,0.772,2.59,28.28,1.37,7.17,90275.0,112135.0,-1635851.0,-10.27,0.0,0.0,-1635851.0,-10.27,-1768303.0,-11.1,3404155.0,21.37,120.0,0.79,0.791,71561112.0,56604840,56604840,2026-07-06,2026-07-06 15:34:39+08:00
513700,港股通医药ETF鹏华,0.591,0.5933,0.39,0.014,2.43,3939758.0,234926524.0,0.575,0.608,0.575,0.577,5.72,43.78,1.32,-11.48,2030030.0,1909728.0,2480616.0,1.06,-374082.0,-0.16,2854698.0,1.22,-2022702.0,-0.86,-457914.0,-0.19,-3528.0,0.59,0.591,899846000.0,531808986,531808986,2026-07-06,2026-07-06 16:11:54+08:00
520700,港股通创新药ETF万家,1.474,1.4761,0.14,0.035,2.43,4061163.0,606543648.0,1.441,1.522,1.441,1.439,5.63,81.37,1.3,-19.24,1993438.0,2067724.0,-5919708.0,-0.98,3322462.0,0.55,-9242170.0,-1.52,-739753.0,-0.12,6659467.0,1.1,-11502.0,1.473,1.474,499076000.0,735638024,735638024,2026-07-06,2026-07-06 16:11:32+08:00
513120,港股创新药ETF广发,1.189,1.1896,0.05,0.028,2.41,107724845.0,12951540900.0,1.162,1.23,1.162,1.161,5.86,46.68,1.4,8.8,54851725.0,52873120.0,-200468480.0,-1.55,-123923968.0,-0.96,-76544512.0,-0.59,135860384.0,1.05,64608400.0,0.5,-392347.0,1.188,1.189,23075135488.0,27436336095,27436336095,2026-07-06,2026-07-06 16:11:57+08:00
159567,港股创新药ETF银华,0.698,0.6977,-0.04,0.016,2.35,45654512.0,3235931590.508,0.684,0.725,0.683,0.682,6.16,42.32,1.55,-40.84,22548043.0,23106469.0,-97248048.0,-3.01,-54265008.0,-1.68,-42983040.0,-1.33,42680480.0,1.32,54567545.0,1.69,82396.0,0.697,0.698,10787729664.0,7529835305,7529835305,2026-07-06,2026-07-06 15:34:30+08:00
159102,港股通生物科技ETF华安,0.764,0.7658,0.24,0.017,2.28,2027907.0,156913175.333,0.748,0.787,0.746,0.747,5.49,25.86,1.52,4.98,992140.0,1035767.0,3750725.0,2.39,7773972.0,4.95,-4023247.0,-2.56,-3963283.0,-2.53,212559.0,0.14,2550.0,0.763,0.764,784122000.0,599069208,599069208,2026-07-06,2026-07-06 15:34:00+08:00
513060,恒生医疗ETF博时,0.538,0.5407,0.5,0.012,2.28,22288702.0,1207858780.0,0.524,0.553,0.524,0.526,5.51,20.05,1.31,-16.35,11434238.0,10854464.0,24377136.0,2.02,52495344.0,4.35,-28118208.0,-2.33,-13257424.0,-1.1,-11119716.0,-0.92,-117959.0,0.537,0.538,11115393280.0,5980081585,5980081585,2026-07-06,2026-07-06 16:11:38+08:00
159197,石油ETF招商,0.857,0.8541,-0.34,0.019,2.27,168776.0,14406680.408,0.839,0.86,0.83,0.838,3.58,34.88,1.01,2.8,63266.0,105510.0,-3253603.0,-22.58,-592244.0,-4.11,-2661359.0,-18.47,-64189.0,-0.45,3317792.0,23.03,1.0,0.855,0.857,48388290.0,41468765,41468765,2026-07-06,2026-07-06 15:34:24+08:00
159195,石油ETF华安,0.857,0.8562,-0.09,0.019,2.27,245008.0,20942539.013,0.837,0.862,0.837,0.838,2.98,25.93,1.5,-2.03,113252.0,131756.0,-4356933.0,-20.8,-1207412.0,-5.77,-3149521.0,-15.04,609054.0,2.91,3747879.0,17.9,-1220.0,0.852,0.858,94490164.0,80978071,80978071,2026-07-06,2026-07-06 15:34:21+08:00
159540,信创ETF易方达,2.451,2.427,-0.99,0.054,2.25,265154.0,64284321.23,2.461,2.48,2.338,2.397,5.92,21.3,1.06,1.55,153054.0,112100.0,2950687.0,4.59,5917405.0,9.21,-2966718.0,-4.61,-3379211.0,-5.26,428524.0,0.67,-912.0,2.451,2.452,124505191.0,305162223,305162223,2026-07-06,2026-07-06 15:34:48+08:00
159105,恒生生物科技ETF易方达,0.865,0.8667,0.2,0.019,2.25,2957737.0,258919938.2,0.847,0.894,0.845,0.846,5.79,127.89,1.39,27.48,1575813.0,1381924.0,1761662.0,0.68,-3777008.0,-1.46,5538670.0,2.14,-3929180.0,-1.52,2167517.0,0.84,1023.0,0.864,0.865,231272984.0,200051131,200051131,2026-07-06,2026-07-06 15:34:39+08:00
159130,恒生生物科技ETF鹏华,0.867,0.8693,0.26,0.019,2.24,355780.0,31219857.853,0.85,0.894,0.848,0.848,5.42,14.32,1.7,-39.58,184926.0,170854.0,1799213.0,5.76,1194660.0,3.83,604553.0,1.94,-1671503.0,-5.35,-127711.0,-0.41,-394.0,0.867,0.869,248389466.0,215353667,215353667,2026-07-06,2026-07-06 15:34:18+08:00
520970,港股通创新药ETF嘉实,0.822,0.8251,0.38,0.018,2.24,2564506.0,213667273.0,0.811,0.85,0.8,0.804,6.22,19.5,1.46,25.39,1304839.0,1259667.0,2785276.0,1.3,1511819.0,0.71,1273457.0,0.6,-3503177.0,-1.64,717901.0,0.34,-4288.0,0.821,0.822,1315358000.0,1081224276,1081224276,2026-07-06,2026-07-06 16:11:47+08:00
159615,恒生生物科技ETF南方,1.05,1.0526,0.25,0.023,2.24,2395207.0,254149282.0,1.027,1.084,1.027,1.027,5.55,45.02,1.62,41.98,1202639.0,1192568.0,7299049.0,2.87,-15977523.0,-6.29,23276572.0,9.16,-8956995.0,-3.52,1657945.0,0.65,920.0,1.049,1.05,532054896.0,558657641,558657641,2026-07-06,2026-07-06 15:34:51+08:00
159892,恒生医药ETF华夏,0.731,0.7344,0.46,0.016,2.24,18479654.0,1366899329.53,0.714,0.755,0.714,0.715,5.73,27.81,1.37,-13.78,9374926.0,9104728.0,7468160.0,0.55,26363936.0,1.93,-18895776.0,-1.38,-8297556.0,-0.61,829389.0,0.06,-48132.0,0.731,0.732,6644265984.0,4856958434,4856958434,2026-07-06,2026-07-06 15:34:00+08:00
510720,红利国企ETF国泰,0.965,0.9657,0.07,0.021,2.22,2531386.0,241106553.0,0.941,0.967,0.936,0.944,3.28,6.95,1.07,-65.3,1479189.0,1052197.0,60105869.0,24.93,78386055.0,32.51,-18280186.0,-7.58,-36087440.0,-14.97,-24018430.0,-9.96,-7719.0,0.964,0.965,3641766000.0,3514304190,3514304190,2026-07-06,2026-07-06 16:11:32+08:00
159776,港股医药ETF银华,1.107,1.1134,0.57,0.024,2.22,658005.0,73674970.0,1.089,1.142,1.082,1.083,5.54,76.54,1.96,16.85,328743.0,329262.0,-953751.0,-1.29,-392910.0,-0.53,-560841.0,-0.76,713430.0,0.97,240321.0,0.33,-476.0,1.107,1.108,85968765.0,95167423,95167423,2026-07-06,2026-07-06 15:34:12+08:00
159689,消费ETF南方,0.605,0.6041,-0.15,0.013,2.2,37117.0,2232423.7,0.593,0.607,0.591,0.592,2.7,4.41,1.62,10.57,23467.0,13650.0,-33607.0,-1.51,209233.0,9.37,-242840.0,-10.88,130824.0,5.86,-97216.0,-4.35,501.0,0.603,0.605,84147787.0,50909411,50909411,2026-07-06,2026-07-06 15:34:27+08:00
513750,港股通非银ETF广发,1.487,1.4926,0.38,0.032,2.2,4984972.0,737768415.0,1.467,1.491,1.466,1.455,1.72,5.24,0.76,-45.55,2654053.0,2330919.0,-1523429.0,-0.21,2625083.0,0.36,-4148512.0,-0.56,-4956692.0,-0.67,6480107.0,0.88,-19981.0,1.486,1.487,9517838080.0,14153025225,14153025225,2026-07-06,2026-07-06 16:11:40+08:00
561570,油气ETF华泰柏瑞,1.319,1.3178,-0.09,0.028,2.17,171691.0,22619323.0,1.291,1.335,1.291,1.291,3.41,20.9,1.07,10.13,110256.0,61435.0,1891771.0,8.36,53591.0,0.24,1838180.0,8.13,-1637764.0,-7.24,-254006.0,-1.12,-40.0,1.317,1.319,82147000.0,108351893,108351893,2026-07-06,2026-07-06 16:11:44+08:00
159588,石油ETF景顺,1.185,1.1849,-0.01,0.025,2.16,110921.0,13088070.1,1.161,1.192,1.16,1.16,2.76,2.32,0.42,-25.34,52882.0,58039.0,2159765.0,16.5,0.0,0.0,2159765.0,16.5,127455.0,0.97,-2287220.0,-17.48,62.0,1.184,1.185,477284864.0,565582564,565582564,2026-07-06,2026-07-06 15:34:33+08:00
159199,石油ETF平安,0.851,0.8517,0.08,0.018,2.16,15105.0,1281111.84,0.83,0.855,0.83,0.833,3.0,2.01,0.31,-25.47,2952.0,12153.0,-98433.0,-7.68,0.0,0.0,-98433.0,-7.68,-579956.0,-45.27,678389.0,52.95,10.0,0.851,0.854,75154938.0,63956852,63956852,2026-07-06,2026-07-06 15:34:03+08:00
510880,红利ETF华泰柏瑞,3.089,3.0875,-0.05,0.065,2.15,2555379.0,779823942.0,3.018,3.091,3.007,3.024,2.78,3.19,0.79,-49.8,1435542.0,1119837.0,122600024.0,15.72,168811288.0,21.65,-46211264.0,-5.93,-53714906.0,-6.89,-68885116.0,-8.83,-19115.0,3.088,3.089,8018675712.0,24769689274,24769689274,2026-07-06,2026-07-06 16:11:55+08:00
159547,红利低波ETF华夏,1.14,1.1373,-0.24,0.024,2.15,1375816.0,154941311.1,1.113,1.141,1.11,1.116,2.78,10.16,0.97,4.93,817997.0,557819.0,625234.0,0.4,6983670.0,4.51,-6358436.0,-4.1,-660399.0,-0.43,35164.0,0.02,-588.0,1.14,1.141,1353786080.0,1543316131,1543316131,2026-07-06,2026-07-06 15:34:18+08:00
513780,港股创新药ETF景顺,1.528,1.5329,0.32,0.032,2.14,6088520.0,943818725.0,1.5,1.587,1.494,1.496,6.22,34.66,1.43,0.34,2885567.0,3202953.0,-9471454.0,-1.0,-1890158.0,-0.2,-7581296.0,-0.8,-4938592.0,-0.52,14410043.0,1.53,-6637.0,1.528,1.529,1756657008.0,2684171908,2684171908,2026-07-06,2026-07-06 16:11:56+08:00
516210,银行ETF华安,1.297,1.2965,-0.04,0.027,2.13,56023.0,7162618.0,1.269,1.297,1.263,1.27,2.68,6.68,0.68,10.53,34781.0,21242.0,-82244.0,-1.15,69410.0,0.97,-151654.0,-2.12,299116.0,4.18,-216873.0,-3.03,-1238.0,1.296,1.297,83831000.0,108728807,108728807,2026-07-06,2026-07-06 16:11:41+08:00
515180,红利ETF易方达,1.353,1.3507,-0.17,0.028,2.11,4393719.0,588304392.0,1.325,1.353,1.317,1.325,2.72,3.41,1.22,-4.94,2745848.0,1647871.0,8225565.0,1.4,-88033511.0,-14.96,96259076.0,16.36,8229628.0,1.4,-16455190.0,-2.8,-16694.0,1.352,1.353,12875636992.0,17420736850,17420736850,2026-07-06,2026-07-06 16:11:48+08:00
159026,石油ETF南方,0.874,0.8757,0.19,0.018,2.1,68179.0,5957719.984,0.882,0.882,0.861,0.856,2.45,12.28,0.76,-20.14,40629.0,27550.0,1227.0,0.02,0.0,0.0,1227.0,0.02,-23986.0,-0.4,22759.0,0.38,-1313.0,0.874,0.877,55513446.0,48518752,48518752,2026-07-06,2026-07-06 15:34:33+08:00
560670,银行ETF华泰柏瑞,0.977,0.9749,-0.22,0.02,2.09,147045.0,14163460.0,0.957,0.977,0.952,0.957,2.61,17.3,1.06,-19.15,90732.0,56313.0,132835.0,0.94,0.0,0.0,132835.0,0.94,-125889.0,-0.89,-6947.0,-0.05,-1850.0,0.976,0.977,84974000.0,83019598,83019598,2026-07-06,2026-07-06 16:12:00+08:00
515290,银行ETF天弘,1.365,1.3636,-0.1,0.028,2.09,359538.0,48497180.0,1.334,1.365,1.328,1.337,2.77,1.33,0.96,-19.86,246759.0,112779.0,-11261677.0,-23.22,-9305070.0,-19.19,-1956607.0,-4.03,-2384592.0,-4.92,13646270.0,28.14,-2062.0,1.365,1.366,2706772896.0,3694745003,3694745003,2026-07-06,2026-07-06 16:11:34+08:00
159189,石油ETF华夏,0.835,0.8368,0.22,0.017,2.08,191214.0,15967200.6,0.82,0.842,0.82,0.818,2.69,15.05,1.3,-35.86,80323.0,110891.0,853778.0,5.35,0.0,0.0,853778.0,5.35,-817086.0,-5.12,-36691.0,-0.23,-2200.0,0.835,0.837,127083187.0,106114461,106114461,2026-07-06,2026-07-06 15:34:18+08:00
516530,物流ETF银华,0.983,0.9821,-0.09,0.02,2.08,6766.0,662384.0,0.964,0.985,0.964,0.963,2.18,3.7,0.9,-3.22,3864.0,2902.0,-97389.0,-14.7,31479.0,4.75,-128868.0,-19.46,92245.0,13.93,5144.0,0.78,-110.0,0.98,0.983,18302300.0,17991161,17991161,2026-07-06,2026-07-06 16:11:48+08:00
159643,疫苗ETF国泰,0.54,0.5373,-0.5,0.011,2.08,164665.0,8877069.4,0.529,0.55,0.524,0.529,4.91,6.16,1.06,4.2,108860.0,55805.0,177478.0,2.0,344926.0,3.89,-167448.0,-1.89,151581.0,1.71,-329059.0,-3.71,281.0,0.539,0.54,267390617.0,144390933,144390933,2026-07-06,2026-07-06 15:34:03+08:00
159525,红利低波ETF富国,1.037,1.0355,-0.14,0.021,2.07,218975.0,22398639.6,1.016,1.037,1.008,1.016,2.85,4.6,1.0,3.17,116180.0,102795.0,-1820935.0,-8.13,260588.0,1.16,-2081523.0,-9.29,1728389.0,7.72,92546.0,0.41,-567.0,1.037,1.038,476243744.0,493864763,493864763,2026-07-06,2026-07-06 15:34:03+08:00
516910,物流ETF富国,1.141,1.1394,-0.14,0.023,2.06,132036.0,15000723.0,1.122,1.143,1.122,1.118,1.88,23.11,1.05,18.28,62235.0,69801.0,728734.0,4.86,623308.0,4.16,105426.0,0.7,-773532.0,-5.16,44796.0,0.3,-838.0,1.14,1.141,57141800.0,65198794,65198794,2026-07-06,2026-07-06 16:11:45+08:00
561060,国企红利ETF华安,1.098,1.0972,-0.07,0.022,2.04,24105.0,2619953.0,1.077,1.1,1.067,1.076,3.07,4.19,1.02,11.66,15191.0,8914.0,316547.0,12.08,0.0,0.0,316547.0,12.08,190104.0,7.26,-506651.0,-19.34,80.0,1.094,1.097,57565000.0,63206370,63206370,2026-07-06,2026-07-06 16:11:51+08:00
517110,创新药ETF国泰,0.749,0.7452,-0.51,0.015,2.04,1961398.0,147855993.0,0.72,0.775,0.72,0.734,7.49,16.44,1.31,44.35,969404.0,991994.0,2324931.0,1.57,1561762.0,1.06,763169.0,0.52,-3483628.0,-2.36,1158699.0,0.78,-18534.0,0.748,0.749,1193098496.0,893630774,893630774,2026-07-06,2026-07-06 16:11:45+08:00
560680,消费ETF广发,0.704,0.7037,-0.04,0.014,2.03,207301.0,14480692.0,0.69,0.706,0.688,0.69,2.61,6.27,0.94,-5.64,114519.0,92782.0,1018418.0,7.03,-1223062.0,-8.45,2241480.0,15.48,-911208.0,-6.29,-107209.0,-0.74,-42.0,0.703,0.704,330725600.0,232830822,232830822,2026-07-06,2026-07-06 16:11:56+08:00
512530,沪深300红利ETF建信,1.51,1.5096,-0.03,0.03,2.03,54686.0,8178850.0,1.479,1.512,1.469,1.48,2.91,5.34,1.12,48.56,31339.0,23347.0,-237894.0,-2.91,0.0,0.0,-237894.0,-2.91,248984.0,3.04,-11089.0,-0.14,1.0,1.51,1.511,102502000.0,154778020,154778020,2026-07-06,2026-07-06 16:11:47+08:00
159672,消费ETF博时,0.603,0.6025,-0.08,0.012,2.03,84609.0,5073748.4,0.593,0.605,0.59,0.591,2.54,6.32,1.3,-23.24,53081.0,31528.0,-1180676.0,-23.27,-315326.0,-6.21,-865350.0,-17.06,600410.0,11.83,580266.0,11.44,-70.0,0.603,0.604,133887409.0,80734108,80734108,2026-07-06,2026-07-06 15:34:09+08:00
563020,红利低波ETF易方达,1.107,1.1052,-0.16,0.022,2.03,2864878.0,313914215.0,1.083,1.109,1.076,1.085,3.04,2.61,1.01,-8.84,1707629.0,1157249.0,28087856.0,8.95,21896883.0,6.98,6190973.0,1.97,-18167962.0,-5.79,-9919892.0,-3.16,-14403.0,1.106,1.107,10961910016.0,12134834388,12134834388,2026-07-06,2026-07-06 16:11:36+08:00
512890,红利低波ETF华泰柏瑞,1.112,1.1077,-0.39,0.022,2.02,9159142.0,1008710127.0,1.089,1.114,1.083,1.09,2.84,3.11,1.16,-3.47,6151737.0,3007404.0,-21201296.0,-2.1,16722272.0,1.66,-37923568.0,-3.76,52622612.0,5.22,-31421333.0,-3.12,-48433.0,1.111,1.112,29442110720.0,32739627121,32739627121,2026-07-06,2026-07-06 16:11:58+08:00
159798,消费ETF易方达,0.813,0.8111,-0.23,0.016,2.01,209551.0,16856941.7,0.796,0.815,0.794,0.797,2.63,12.68,1.07,-12.08,124397.0,85154.0,1054703.0,6.26,575390.0,3.41,479313.0,2.84,-1071825.0,-6.36,17122.0,0.1,-478.0,0.813,0.814,165245390.0,134344502,134344502,2026-07-06,2026-07-06 15:34:42+08:00
513620,港股医疗ETF银华,0.976,0.9789,0.3,0.019,1.99,541571.0,53345079.0,0.956,0.999,0.954,0.957,4.7,34.67,1.65,3.14,259675.0,281896.0,3043941.0,5.71,1408401.0,2.64,1635540.0,3.07,-2963958.0,-5.56,-79983.0,-0.15,247.0,0.973,0.976,156216000.0,152466816,152466816,2026-07-06,2026-07-06 16:11:43+08:00
159697,石油ETF鹏华,1.25,1.2511,0.09,0.024,1.96,540990.0,67462956.8,1.23,1.261,1.225,1.226,2.94,4.95,1.18,0.04,323008.0,217982.0,10286414.0,15.25,10878510.0,16.13,-592096.0,-0.88,-11328038.0,-16.79,1041623.0,1.54,-41.0,1.25,1.251,1092022000.0,1365027500,1365027500,2026-07-06,2026-07-06 15:34:30+08:00
513200,港股通医药ETF易方达,0.989,0.9946,0.56,0.019,1.96,5489837.0,550011271.0,0.972,1.021,0.968,0.97,5.46,54.02,2.06,-30.26,2895692.0,2594145.0,14754308.0,2.68,26767108.0,4.87,-12012800.0,-2.18,-14496317.0,-2.64,-257994.0,-0.05,-4747.0,0.988,0.989,1016282096.0,1005102993,1005102993,2026-07-06,2026-07-06 16:12:00+08:00
159181,石油ETF易方达,0.832,0.8317,-0.04,0.016,1.96,86277.0,7165445.4,0.813,0.838,0.813,0.816,3.06,5.89,0.71,-2.03,43022.0,43255.0,537335.0,7.5,0.0,0.0,537335.0,7.5,-404267.0,-5.64,-133068.0,-1.86,45.0,0.829,0.832,146405335.0,121809239,121809239,2026-07-06,2026-07-06 15:34:18+08:00
563890,国企红利ETF创金合信,0.997,0.9984,0.14,0.019,1.94,5165.0,510660.0,0.984,0.998,0.984,0.978,1.43,2.08,1.42,8.46,2456.0,2709.0,-228132.0,-44.67,0.0,0.0,-228132.0,-44.67,207381.0,40.61,20752.0,4.06,-3.0,0.998,1.0,24836000.0,24761492,24761492,2026-07-06,2026-07-06 16:11:51+08:00
520760,恒生生物科技ETF摩根,0.897,0.9017,0.52,0.017,1.93,528176.0,48102516.0,0.879,0.927,0.878,0.88,5.57,27.16,1.84,-11.25,273388.0,254788.0,465002.0,0.97,-586729.0,-1.22,1051731.0,2.19,-239746.0,-0.5,-225257.0,-0.47,-744.0,0.897,0.899,194466000.0,174436002,174436002,2026-07-06,2026-07-06 16:11:40+08:00
159515,国企红利ETF鹏扬,1.114,1.1157,0.15,0.021,1.92,15310.0,1689746.8,1.093,1.116,1.088,1.093,2.56,3.8,0.66,67.19,7073.0,8237.0,-106380.0,-6.3,-72769.0,-4.31,-33611.0,-1.99,20024.0,1.19,86356.0,5.11,19.0,1.115,1.116,40286631.0,44879307,44879307,2026-07-06,2026-07-06 15:34:48+08:00
159167,港股通医疗ETF工银,0.849,0.8534,0.52,0.016,1.92,968806.0,83163923.159,0.833,0.872,0.83,0.833,5.04,43.34,2.12,-17.81,485183.0,483623.0,-271442.0,-0.33,508632.0,0.61,-780074.0,-0.94,-499938.0,-0.6,771379.0,0.93,224.0,0.848,0.849,223549164.0,189793240,189793240,2026-07-06,2026-07-06 15:34:39+08:00
159928,消费ETF汇添富,0.64,0.6397,-0.05,0.012,1.91,5695860.0,362575154.062,0.627,0.643,0.625,0.628,2.87,2.44,1.1,-62.06,3670124.0,2025736.0,14185938.0,3.91,16751793.0,4.62,-2565855.0,-0.71,-10553795.0,-2.91,-3632143.0,-1.0,-24732.0,0.64,0.641,23316628992.0,14922642555,14922642555,2026-07-06,2026-07-06 15:34:09+08:00
513040,港股通互联网ETF易方达,0.909,0.9131,0.45,0.017,1.91,8040724.0,728113408.0,0.89,0.918,0.876,0.892,4.71,14.07,1.47,-21.64,4303076.0,3737648.0,-13959248.0,-1.92,-7358464.0,-1.01,-6600784.0,-0.91,11003279.0,1.51,2955968.0,0.41,-9697.0,0.908,0.909,5713841408.0,5193881840,5193881840,2026-07-06,2026-07-06 16:11:53+08:00
159253,银行ETF博时,0.906,0.9069,0.1,0.017,1.91,70377.0,6307494.4,0.885,0.907,0.881,0.889,2.92,1.14,0.9,32.21,40587.0,29790.0,35773.0,0.57,-1001510.0,-15.88,1037283.0,16.45,20703.0,0.33,-56477.0,-0.9,-2.0,0.906,0.907,619404976.0,561180908,561180908,2026-07-06,2026-07-06 15:34:42+08:00
512730,银行ETF鹏华,1.558,1.5595,0.1,0.029,1.9,62558.0,9651325.0,1.533,1.56,1.517,1.529,2.81,8.68,0.7,51.68,29160.0,33398.0,1057843.0,10.96,23573.0,0.24,1034270.0,10.72,-182189.0,-1.89,-875655.0,-9.07,-186.0,1.558,1.559,72083900.0,112306716,112306716,2026-07-06,2026-07-06 16:12:00+08:00
560150,红利低波ETF泰康,1.07,1.0693,-0.07,0.02,1.9,53177.0,5615510.0,1.04,1.071,1.04,1.05,2.95,0.78,0.8,17.13,28793.0,24384.0,478706.0,8.52,310309.0,5.53,168397.0,3.0,-101571.0,-1.81,-377134.0,-6.72,1.0,1.068,1.07,683279296.0,731108847,731108847,2026-07-06,2026-07-06 16:11:58+08:00
159137,港股通医疗ETF华宝,0.861,0.8638,0.32,0.016,1.89,1313287.0,113778515.7,0.874,0.882,0.84,0.845,4.97,72.3,1.92,-1.76,668227.0,645060.0,2655953.0,2.33,-3242094.0,-2.85,5898047.0,5.18,-2480552.0,-2.18,-175401.0,-0.15,-205.0,0.861,0.862,181632607.0,156385675,156385675,2026-07-06,2026-07-06 15:34:03+08:00
563180,高股息ETF银华,1.077,1.0766,-0.04,0.02,1.89,86906.0,9264938.0,1.054,1.078,1.052,1.057,2.46,7.46,1.16,8.51,46790.0,40116.0,1552551.0,16.76,1219862.0,13.17,332689.0,3.59,-71029.0,-0.77,-1481521.0,-15.99,-2.0,1.076,1.077,116420000.0,125384340,125384340,2026-07-06,2026-07-06 16:11:58+08:00
515020,银行ETF华夏,1.624,1.6231,-0.06,0.03,1.88,657001.0,105445527.0,1.591,1.624,1.581,1.594,2.7,16.85,0.93,-9.65,366745.0,290256.0,7901113.0,7.49,6207804.0,5.89,1693309.0,1.61,-6845004.0,-6.49,-1056109.0,-1.0,-2006.0,1.624,1.625,389845296.0,633108761,633108761,2026-07-06,2026-07-06 16:11:40+08:00
513400,道琼斯ETF鹏华,1.358,1.3087,-3.77,0.025,1.88,2754749.0,369867884.0,1.334,1.36,1.332,1.333,2.1,11.97,1.6,-5.0,1646002.0,1108747.0,-33674397.0,-9.1,-59094868.0,-15.98,25420471.0,6.87,25879335.0,7.0,7795060.0,2.11,-23142.0,1.358,1.359,2302062000.0,3126200196,3126200196,2026-07-06,2026-07-06 16:11:32+08:00
159019,石油ETF华宝,0.877,0.8776,0.07,0.016,1.86,218509.0,19142593.818,0.859,0.883,0.857,0.861,3.02,40.97,1.19,88.95,131670.0,86839.0,1967242.0,10.28,498239.0,2.6,1469003.0,7.67,1870599.0,9.77,-3837841.0,-20.05,-285.0,0.876,0.882,53327711.0,46768403,46768403,2026-07-06,2026-07-06 15:34:30+08:00
159691,港股红利ETF工银,1.15,1.1433,-0.59,0.021,1.86,3467260.0,396681394.044,1.13,1.153,1.127,1.129,2.3,8.8,1.98,82.35,1817563.0,1649697.0,-23567296.0,-5.94,-43896501.0,-11.07,20329205.0,5.12,20906149.0,5.27,2661148.0,0.67,4173.0,1.149,1.15,3939301392.0,4530196601,4530196601,2026-07-06,2026-07-06 15:34:30+08:00
512600,消费ETF嘉实,0.547,0.5466,-0.07,0.01,1.86,274044.0,14875453.0,0.535,0.549,0.531,0.537,3.35,1.78,1.09,-5.16,155025.0,119019.0,94040.0,0.63,176771.0,1.19,-82731.0,-0.56,135152.0,0.91,-229192.0,-1.54,-42.0,0.547,0.548,1540056096.0,842410685,842410685,2026-07-06,2026-07-06 16:11:39+08:00
159040,港股通互联网ETF鹏华,1.039,1.049,0.95,0.019,1.86,127720.0,13224474.001,1.021,1.045,1.009,1.02,3.53,11.77,0.76,-55.45,86647.0,41072.0,334529.0,2.53,-1288845.0,-9.75,1623374.0,12.28,-68377.0,-0.52,-266153.0,-2.01,522.0,1.036,1.039,108481087.0,112711849,112711849,2026-07-06,2026-07-06 15:34:42+08:00
516310,银行ETF易方达,1.26,1.2587,-0.1,0.023,1.86,955353.0,119083026.0,1.229,1.26,1.226,1.237,2.75,5.33,0.8,-14.09,561192.0,394161.0,8898419.0,7.47,2341801.0,1.97,6556618.0,5.51,-7968516.0,-6.69,-929903.0,-0.78,-5420.0,1.26,1.261,1792158496.0,2258119705,2258119705,2026-07-06,2026-07-06 16:12:00+08:00
159670,消费50ETF国联安,0.827,0.8274,0.05,0.015,1.85,23894.0,1963829.1,0.812,0.829,0.81,0.812,2.34,4.14,0.77,-7.26,10641.0,13253.0,1652.0,0.08,-413500.0,-21.06,415152.0,21.14,88096.0,4.49,-89748.0,-4.57,-618.0,0.827,0.828,57706921.0,47723624,47723624,2026-07-06,2026-07-06 15:34:03+08:00
515890,红利ETF博时,1.387,1.3868,-0.01,0.025,1.84,89418.0,12260802.0,1.36,1.388,1.352,1.362,2.64,2.67,0.85,-10.64,65240.0,24178.0,-1412916.0,-11.52,1565131.0,12.77,-2978047.0,-24.29,1010402.0,8.24,402515.0,3.28,-1520.0,1.384,1.387,335443904.0,465260695,465260695,2026-07-06,2026-07-06 16:11:43+08:00
561760,油气ETF博时,1.279,1.2787,-0.02,0.023,1.83,83310.0,10629571.0,1.256,1.291,1.256,1.256,2.79,4.51,0.38,16.68,56228.0,27082.0,3435293.0,32.32,1819071.0,17.11,1616222.0,15.2,994856.0,9.36,-4430149.0,-41.68,-1105.0,1.279,1.281,184695000.0,236224905,236224905,2026-07-06,2026-07-06 16:11:57+08:00
513690,港股红利ETF博时,1.057,1.056,-0.09,0.019,1.83,1837132.0,192824475.0,1.042,1.057,1.038,1.038,1.83,5.29,1.32,27.35,1041779.0,795353.0,3768647.0,1.95,-15906337.0,-8.25,19674984.0,10.2,-3521440.0,-1.83,-247207.0,-0.13,-6776.0,1.055,1.057,3473979904.0,3671996759,3671996759,2026-07-06,2026-07-06 16:11:44+08:00
512700,银行ETF南方,1.4,1.3997,-0.02,0.025,1.82,686808.0,94809949.0,1.374,1.401,1.363,1.375,2.76,8.81,0.99,21.77,346251.0,340557.0,1302106.0,1.37,2516785.0,2.65,-1214679.0,-1.28,79158.0,0.08,-1381264.0,-1.46,-314.0,1.399,1.4,779581008.0,1091413411,1091413411,2026-07-06,2026-07-06 16:11:37+08:00
159366,港股医疗ETF永赢,1.286,1.287,0.08,0.023,1.82,1726205.0,223498465.3,1.263,1.32,1.255,1.263,5.15,85.32,1.71,-65.96,849190.0,877015.0,29857.0,0.01,-5418459.0,-2.42,5448316.0,2.44,-434511.0,-0.19,404654.0,0.18,604.0,1.285,1.286,202333072.0,260200331,260200331,2026-07-06,2026-07-06 15:34:33+08:00
159506,港股通创新药医疗ETF富国,1.23,1.2346,0.37,0.022,1.82,9525518.0,1191909361.3,1.203,1.275,1.196,1.208,6.54,44.13,1.45,-58.08,4655864.0,4869654.0,-3842298.0,-0.32,21819526.0,1.83,-25661824.0,-2.15,-11044928.0,-0.93,14887230.0,1.25,-19399.0,1.23,1.231,2158536976.0,2655000480,2655000480,2026-07-06,2026-07-06 15:34:03+08:00
159933,金融地产ETF国投瑞银,2.8,2.7916,-0.3,0.05,1.82,895.0,248231.2,2.763,2.8,2.735,2.75,2.36,0.24,0.43,-9.78,436.0,459.0,172840.0,69.63,0.0,0.0,172840.0,69.63,-158952.0,-64.03,-13888.0,-5.59,1.0,2.789,2.8,36878943.0,103261040,103261040,2026-07-06,2026-07-06 15:34:18+08:00
159399,现金流ETF国泰,0.952,0.9505,-0.16,0.017,1.82,2019626.0,191134849.2,0.935,0.953,0.932,0.935,2.25,4.76,1.07,-6.85,1192172.0,827454.0,-15091247.0,-7.9,-15199155.0,-7.95,107908.0,0.06,11631692.0,6.09,3459555.0,1.81,11219.0,0.951,0.952,4244194832.0,4040473480,4040473480,2026-07-06,2026-07-06 15:34:27+08:00
520510,港股通医疗ETF华夏,0.842,0.8432,0.14,0.015,1.81,2585949.0,219787302.0,0.828,0.862,0.822,0.827,4.84,117.69,1.27,-2.87,1257113.0,1328836.0,970628.0,0.44,-10488742.0,-4.77,11459370.0,5.21,-1064818.0,-0.48,94190.0,0.04,-855.0,0.841,0.842,219728000.0,185010976,185010976,2026-07-06,2026-07-06 16:11:50+08:00
159581,红利ETF万家,1.015,1.0163,0.13,0.018,1.81,298382.0,29983054.8,0.997,1.016,0.99,0.997,2.61,2.04,1.07,-15.71,175250.0,123132.0,986333.0,3.29,-3643423.0,-12.15,4629756.0,15.44,205222.0,0.68,-1191554.0,-3.97,1046.0,1.014,1.015,1465225712.0,1487204098,1487204098,2026-07-06,2026-07-06 15:34:15+08:00
513880,日经225ETF华安,2.302,2.1364,-7.75,0.041,1.81,1530974.0,346008677.0,2.25,2.326,2.21,2.261,5.13,12.01,1.17,-57.01,871001.0,659973.0,-29208642.0,-8.44,-12035707.0,-3.48,-17172935.0,-4.96,13632413.0,3.94,15576228.0,4.5,-10544.0,2.302,2.303,1274470000.0,2933829940,2933829940,2026-07-06,2026-07-06 16:12:01+08:00
515650,消费50ETF富国,1.013,1.0119,-0.11,0.018,1.81,598620.0,60160332.0,0.995,1.015,0.991,0.995,2.41,1.95,1.08,-7.78,374539.0,224081.0,3547712.0,5.9,6645665.0,11.05,-3097953.0,-5.15,-3319597.0,-5.52,-228115.0,-0.38,-2822.0,1.012,1.013,3067184000.0,3107057392,3107057392,2026-07-06,2026-07-06 16:11:49+08:00
561320,交运ETF国泰,0.902,0.9008,-0.13,0.016,1.81,8227.0,736050.0,0.895,0.902,0.887,0.886,1.69,1.43,0.67,-0.08,5559.0,2668.0,-172294.0,-23.41,192309.0,26.13,-364603.0,-49.54,147044.0,19.98,25250.0,3.43,-63.0,0.899,0.902,57369000.0,51746838,51746838,2026-07-06,2026-07-06 16:11:37+08:00
563690,红利低波ETF永赢,0.96,0.9621,0.22,0.017,1.8,13806.0,1318667.0,0.94,0.964,0.933,0.943,3.29,3.64,0.52,12.48,6414.0,7392.0,121797.0,9.24,0.0,0.0,121797.0,9.24,32133.0,2.44,-153930.0,-11.67,-31.0,0.96,0.962,37882000.0,36366720,36366720,2026-07-06,2026-07-06 16:11:39+08:00
159887,银行ETF富国,1.241,1.2404,-0.05,0.022,1.8,689792.0,84615898.4,1.217,1.241,1.208,1.219,2.71,9.86,0.96,6.69,395754.0,294038.0,9880085.0,11.68,4638353.0,5.48,5241732.0,6.19,-970375.0,-1.15,-8909710.0,-10.53,-12291.0,1.241,1.242,699615952.0,868223396,868223396,2026-07-06,2026-07-06 15:34:54+08:00
159748,创新药ETF富国,0.792,0.7887,-0.42,0.014,1.8,4355330.0,347783124.895,0.77,0.82,0.762,0.778,7.46,25.09,1.37,15.75,2366545.0,1988785.0,-21482376.0,-6.18,-32027342.0,-9.21,10544966.0,3.03,13647731.0,3.92,7834644.0,2.25,30587.0,0.791,0.792,1735692128.0,1374668165,1374668165,2026-07-06,2026-07-06 15:34:00+08:00
517880,品牌消费ETF华泰柏瑞,0.74,0.7417,0.23,0.013,1.79,62646.0,4600964.0,0.728,0.741,0.725,0.727,2.2,11.75,1.82,2.59,34559.0,28087.0,-312992.0,-6.8,0.0,0.0,-312992.0,-6.8,267682.0,5.82,45311.0,0.98,-83.0,0.739,0.74,53337100.0,39469454,39469454,2026-07-06,2026-07-06 16:12:00+08:00
513930,恒生生物科技ETF华泰柏瑞,0.965,0.9658,0.08,0.017,1.79,2013367.0,197180972.0,0.946,0.996,0.946,0.948,5.27,256.78,1.34,-1.8,924185.0,1089182.0,2941970.0,1.49,231894.0,0.12,2710076.0,1.37,-2831258.0,-1.44,-110713.0,-0.06,-341.0,0.965,0.966,78408000.0,75663720,75663720,2026-07-06,2026-07-06 16:11:54+08:00
513770,港股互联网ETF华宝,0.342,0.3448,0.81,0.006,1.79,16395768.0,557484249.0,0.336,0.346,0.33,0.336,4.76,12.04,1.03,2.27,9029070.0,7366698.0,5731653.0,1.03,12471920.0,2.24,-6740267.0,-1.21,-4261724.0,-0.76,-1469931.0,-0.26,-238368.0,0.341,0.342,13623137792.0,4659113125,4659113125,2026-07-06,2026-07-06 16:11:58+08:00
517380,创新药ETF天弘,0.801,0.7987,-0.29,0.014,1.78,1769798.0,142597678.0,0.789,0.825,0.779,0.787,5.84,7.39,1.36,63.22,872460.0,897338.0,2583238.0,1.81,-1948083.0,-1.37,4531321.0,3.18,-2579532.0,-1.81,-3707.0,0.0,-5447.0,0.801,0.802,2396326304.0,1919457370,1919457370,2026-07-06,2026-07-06 16:11:55+08:00
517990,沪港深医药ETF招商,0.859,0.8599,0.1,0.015,1.78,49404.0,4279401.0,0.844,0.88,0.826,0.844,6.4,9.69,1.18,4.17,26810.0,22594.0,314007.0,7.34,21916.0,0.51,292091.0,6.83,-244140.0,-5.71,-69865.0,-1.63,-2161.0,0.859,0.86,50987900.0,43798606,43798606,2026-07-06,2026-07-06 16:11:38+08:00
516550,农业ETF嘉实,0.687,0.6869,-0.01,0.012,1.78,179548.0,12298604.0,0.676,0.69,0.673,0.675,2.52,7.29,1.27,6.25,93322.0,86226.0,-408164.0,-3.32,-177795.0,-1.45,-230369.0,-1.87,471095.0,3.83,-62932.0,-0.51,-1402.0,0.687,0.688,246414400.0,169286693,169286693,2026-07-06,2026-07-06 16:11:44+08:00
515080,中证红利ETF招商,1.49,1.491,0.07,0.026,1.78,2985348.0,440449945.0,1.463,1.493,1.455,1.464,2.6,3.57,1.01,-4.18,1846865.0,1138483.0,35908957.0,8.15,47141211.0,10.7,-11232254.0,-2.55,-24830091.0,-5.64,-11078865.0,-2.52,-12871.0,1.49,1.491,8366148864.0,12465561807,12465561807,2026-07-06,2026-07-06 16:11:32+08:00
159391,大盘价值ETF博时,1.028,1.0288,0.08,0.018,1.78,30030.0,3062598.7,1.01,1.029,1.008,1.01,2.08,3.33,1.04,55.56,16319.0,13711.0,213010.0,6.96,0.0,0.0,213010.0,6.96,-141463.0,-4.62,-71546.0,-2.34,600.0,1.023,1.03,90076398.0,92598537,92598537,2026-07-06,2026-07-06 15:34:24+08:00
526010,港股通医疗ETF汇添富,0.919,0.9248,0.63,0.016,1.77,127540.0,11801096.0,0.903,0.944,0.891,0.903,5.87,15.85,1.16,-23.95,59693.0,67847.0,1466304.0,12.43,919000.0,7.79,547304.0,4.64,-1767602.0,-14.98,301299.0,2.55,-28.0,0.919,0.921,80458000.0,73940902,73940902,2026-07-06,2026-07-06 16:11:48+08:00
510650,金融地产ETF华夏,2.758,2.7545,-0.13,0.048,1.77,9244.0,2535822.0,2.684,2.758,2.684,2.71,2.73,7.73,5.12,-7.97,7074.0,2170.0,24128.0,0.95,0.0,0.0,24128.0,0.95,2684.0,0.11,-26812.0,-1.06,1.0,2.758,2.759,11952500.0,32964995,32964995,2026-07-06,2026-07-06 16:11:38+08:00
520870,巴西ETF易方达,1.096,1.0861,-0.91,0.019,1.76,669368.0,73108346.0,1.087,1.103,1.086,1.077,1.58,12.25,1.44,10.06,351245.0,318123.0,-8957223.0,-12.25,-7426027.0,-10.16,-1531196.0,-2.09,6201726.0,8.48,2755497.0,3.77,8082.0,1.095,1.096,546477200.0,598939011,598939011,2026-07-06,2026-07-06 16:12:00+08:00
512820,银行ETF汇添富,1.333,1.3333,0.02,0.023,1.76,613034.0,80907742.0,1.306,1.334,1.299,1.31,2.67,13.76,0.92,-1.13,334843.0,278191.0,8449815.0,10.44,9550.0,0.01,8440265.0,10.43,-6030668.0,-7.45,-2419146.0,-2.99,-2080.0,1.333,1.334,445601904.0,593987338,593987338,2026-07-06,2026-07-06 16:11:34+08:00
520630,港股通互联网ETF广发,0.638,0.6416,0.56,0.011,1.75,124882.0,7927800.0,0.628,0.643,0.617,0.627,4.15,2.85,0.69,1.31,73365.0,51517.0,623458.0,7.86,334066.0,4.21,289392.0,3.65,-428977.0,-5.41,-194481.0,-2.45,-2225.0,0.638,0.639,438110000.0,279514180,279514180,2026-07-06,2026-07-06 16:11:46+08:00
159148,石油ETF富国,0.931,0.9324,0.15,0.016,1.75,151051.0,14034838.9,0.908,0.939,0.908,0.915,3.39,6.7,0.71,34.56,81555.0,69496.0,-139547.0,-0.99,148676.0,1.06,-288223.0,-2.05,-110380.0,-0.79,249928.0,1.78,-1.0,0.931,0.932,225466601.0,209909406,209909406,2026-07-06,2026-07-06 15:34:30+08:00
512800,银行ETF华宝,0.76,0.7599,-0.01,0.013,1.74,9878709.0,743062540.0,0.744,0.761,0.74,0.747,2.81,6.8,0.66,-3.42,6029484.0,3849225.0,78314128.0,10.54,82492656.0,11.1,-4178528.0,-0.56,-35545807.0,-4.78,-42768326.0,-5.76,-78034.0,0.76,0.761,14532879872.0,11044988703,11044988703,2026-07-06,2026-07-06 16:11:58+08:00
159622,创新药ETF东财,1.112,1.1119,-0.01,0.019,1.74,3556494.0,399445284.924,1.09,1.152,1.079,1.093,6.68,26.18,1.38,50.28,1903728.0,1652765.0,-32910533.0,-8.24,-43228229.0,-10.82,10317696.0,2.58,19519727.0,4.89,13390807.0,3.35,-16146.0,1.112,1.113,1358603232.0,1510766794,1510766794,2026-07-06,2026-07-06 15:34:54+08:00
560020,红利ETF汇添富,1.057,1.058,0.09,0.018,1.73,52682.0,5505037.0,1.05,1.058,1.033,1.039,2.41,4.26,1.16,-14.02,22248.0,30434.0,-909038.0,-16.51,-821832.0,-14.93,-87206.0,-1.58,998794.0,18.14,-89756.0,-1.63,-153.0,1.056,1.057,123562000.0,130605034,130605034,2026-07-06,2026-07-06 16:11:36+08:00
159207,高股息ETF广发,1.123,1.1211,-0.17,0.019,1.72,2259675.0,252154081.66,1.105,1.124,1.097,1.104,2.45,13.72,1.72,-17.2,1518517.0,741158.0,-88198809.0,-34.98,-96609677.0,-38.31,8410868.0,3.34,77989388.0,30.93,10209420.0,4.05,-536.0,1.123,1.124,1647483344.0,1850123795,1850123795,2026-07-06,2026-07-06 15:34:06+08:00
159718,港股医药ETF平安,0.828,0.8306,0.31,0.014,1.72,1509570.0,126486426.4,0.814,0.853,0.809,0.814,5.41,67.14,2.23,-49.56,725765.0,783805.0,2163802.0,1.71,376217.0,0.3,1787585.0,1.41,-2045893.0,-1.62,-117909.0,-0.09,-1351.0,0.828,0.829,224832634.0,186161421,186161421,2026-07-06,2026-07-06 15:34:39+08:00
159666,交通运输ETF华夏,0.949,0.947,-0.21,0.016,1.71,187473.0,17698720.382,0.934,0.949,0.933,0.933,1.71,16.05,0.94,9.59,106415.0,81058.0,-509553.0,-2.88,1137818.0,6.43,-1647371.0,-9.31,394895.0,2.23,114656.0,0.65,300.0,0.947,0.949,116832905.0,110874427,110874427,2026-07-06,2026-07-06 15:34:00+08:00
563700,红利价值ETF易方达,1.021,1.0214,0.04,0.017,1.69,98290.0,9913783.0,1.004,1.021,0.998,1.004,2.29,2.43,0.91,19.42,60853.0,37437.0,-198405.0,-2.0,-93215.0,-0.94,-105190.0,-1.06,518208.0,5.23,-319801.0,-3.23,-172.0,1.02,1.021,404150000.0,412637150,412637150,2026-07-06,2026-07-06 16:11:38+08:00
513050,中概互联网ETF易方达,1.026,1.0053,-2.06,0.017,1.68,25685770.0,2622111668.0,1.009,1.036,0.991,1.009,4.46,7.65,1.3,-5.8,13536150.0,12149620.0,69048864.0,2.63,110308160.0,4.21,-41259296.0,-1.57,-44906080.0,-1.71,-24142782.0,-0.92,-45808.0,1.026,1.027,33554432768.0,34426848020,34426848020,2026-07-06,2026-07-06 16:11:48+08:00
520850,港股通医疗ETF易方达,0.798,0.801,0.37,0.013,1.66,263557.0,21208724.0,0.785,0.818,0.778,0.785,5.1,16.24,1.02,3.92,138245.0,125312.0,25712.0,0.12,689687.0,3.25,-663975.0,-3.13,185352.0,0.87,-211064.0,-1.0,-432.0,0.797,0.798,162249600.0,129475181,129475181,2026-07-06,2026-07-06 16:11:40+08:00
520910,港股通互联网ETF华夏,0.614,0.618,0.65,0.01,1.66,746353.0,45700847.0,0.603,0.62,0.594,0.604,4.3,9.67,1.28,-11.11,401758.0,344595.0,1003495.0,2.2,3031995.0,6.63,-2028500.0,-4.44,-855854.0,-1.87,-147640.0,-0.32,-2409.0,0.613,0.614,771445008.0,473667235,473667235,2026-07-06,2026-07-06 16:11:38+08:00
562390,中药ETF银华,0.857,0.8565,-0.06,0.014,1.66,34907.0,2976595.0,0.84,0.861,0.837,0.843,2.85,4.13,1.23,18.91,24075.0,10832.0,827359.0,27.8,256564.0,8.62,570795.0,19.18,-556060.0,-18.68,-271298.0,-9.11,11.0,0.857,0.858,84429000.0,72355653,72355653,2026-07-06,2026-07-06 16:11:39+08:00
159940,金融地产ETF广发,1.18,1.1767,-0.28,0.019,1.64,58459.0,6825441.7,1.156,1.18,1.156,1.161,2.07,1.34,0.82,17.43,28892.0,29567.0,137228.0,2.01,4656.0,0.07,132572.0,1.94,-21293.0,-0.31,-115936.0,-1.7,60.0,1.177,1.18,435059984.0,513370781,513370781,2026-07-06,2026-07-06 15:34:30+08:00
159021,大盘价值ETF华夏,0.934,0.9366,0.28,0.015,1.63,31356.0,2915723.033,0.913,0.936,0.901,0.919,3.81,1.71,0.76,-83.43,21380.0,9976.0,605490.0,20.77,0.0,0.0,605490.0,20.77,-423868.0,-14.54,-181622.0,-6.23,-100.0,0.933,0.935,182907712.0,170835803,170835803,2026-07-06,2026-07-06 15:34:33+08:00
159309,油气ETF汇添富,1.317,1.3196,0.2,0.021,1.62,322289.0,42438779.4,1.309,1.332,1.302,1.296,2.31,4.89,0.92,49.79,194266.0,128023.0,14137421.0,33.31,6400283.0,15.08,7737138.0,18.23,-7173925.0,-16.9,-6963497.0,-16.41,-4189.0,1.317,1.318,659371744.0,868392587,868392587,2026-07-06,2026-07-06 15:34:30+08:00
510030,价值ETF华宝,1.001,1.0021,0.11,0.016,1.62,51529.0,5099890.0,0.985,1.003,0.982,0.985,2.13,3.17,0.83,-1.97,25751.0,25778.0,69776.0,1.37,0.0,0.0,69776.0,1.37,301434.0,5.91,-371211.0,-7.28,-1682.0,1.0,1.001,162729800.0,162892530,162892530,2026-07-06,2026-07-06 16:11:44+08:00
561360,石油ETF国泰,1.392,1.395,0.22,0.022,1.61,369673.0,51448100.0,1.388,1.412,1.37,1.37,3.07,2.85,0.71,32.3,185828.0,183845.0,4103951.0,7.98,-2370693.0,-4.61,6474644.0,12.58,-779582.0,-1.52,-3324368.0,-6.46,-4436.0,1.391,1.392,1295148000.0,1802846016,1802846016,2026-07-06,2026-07-06 16:11:32+08:00
510230,金融ETF国泰,1.27,1.2698,-0.02,0.02,1.6,665222.0,83806224.0,1.253,1.271,1.245,1.25,2.08,9.93,0.42,57.09,291384.0,373839.0,6817935.0,8.14,-4843757.0,-5.78,11661692.0,13.92,-5861413.0,-6.99,-956522.0,-1.14,-2305.0,1.268,1.27,669808000.0,850656160,850656160,2026-07-06,2026-07-06 16:12:01+08:00
159568,港股互联网ETF博时,1.095,1.0964,0.13,0.017,1.58,1187279.0,129482219.4,1.078,1.107,1.059,1.078,4.45,35.88,1.59,-24.3,605650.0,581629.0,4838552.0,3.74,1252772.0,0.97,3585780.0,2.77,-3204459.0,-2.47,-1634092.0,-1.26,-2586.0,1.095,1.096,330857904.0,362289405,362289405,2026-07-06,2026-07-06 15:34:09+08:00
563900,300自由现金流ETF摩根,1.092,1.0922,0.02,0.017,1.58,267738.0,29140334.0,1.075,1.095,1.073,1.075,2.05,5.22,0.84,-1.27,135074.0,132664.0,841388.0,2.89,1270211.0,4.36,-428823.0,-1.47,-53900.0,-0.18,-787488.0,-2.7,-52.0,1.091,1.092,512965696.0,560158540,560158540,2026-07-06,2026-07-06 16:11:48+08:00
159569,港股红利低波ETF景顺,1.288,1.2862,-0.14,0.02,1.58,560222.0,71900075.8,1.35,1.35,1.271,1.268,6.23,16.77,0.96,-51.78,288284.0,271938.0,-1531817.0,-2.13,-1427609.0,-1.99,-104208.0,-0.14,793436.0,1.1,738381.0,1.03,-387.0,1.288,1.289,334147248.0,430381655,430381655,2026-07-06,2026-07-06 15:34:12+08:00
159276,现金流ETF汇添富,1.037,1.0371,0.01,0.016,1.57,24024.0,2475254.8,1.025,1.038,1.02,1.021,1.76,0.66,0.26,32.54,7715.0,16309.0,-37526.0,-1.52,267175.0,10.79,-304701.0,-12.31,-28650.0,-1.16,66177.0,2.67,85.0,1.036,1.037,361696656.0,375079432,375079432,2026-07-06,2026-07-06 15:34:18+08:00
515100,红利低波100ETF景顺,1.361,1.362,0.07,0.021,1.57,1509519.0,203918639.0,1.339,1.363,1.331,1.34,2.39,3.59,1.49,-51.25,919619.0,589900.0,11392285.0,5.59,-3814116.0,-1.87,15206401.0,7.46,-8325542.0,-4.08,-3066743.0,-1.5,-1843.0,1.36,1.361,4198941504.0,5714759387,5714759387,2026-07-06,2026-07-06 16:11:39+08:00
520650,港股通互联网ETF南方,0.581,0.5845,0.6,0.009,1.57,2484376.0,143420810.0,0.57,0.587,0.563,0.572,4.2,13.17,1.11,5.69,1277650.0,1206726.0,1210085.0,0.84,-2435439.0,-1.7,3645524.0,2.54,-1230291.0,-0.86,20206.0,0.01,-522.0,0.58,0.581,1886755008.0,1096204660,1096204660,2026-07-06,2026-07-06 16:11:32+08:00
515450,红利低波50ETF南方,1.368,1.3669,-0.08,0.021,1.56,1434623.0,194186097.0,1.346,1.369,1.338,1.347,2.3,1.02,0.75,-25.03,766225.0,668398.0,14403212.0,7.42,16978129.0,8.74,-2574917.0,-1.33,-6151161.0,-3.17,-8252052.0,-4.25,-3797.0,1.367,1.368,14040335104.0,19207178422,19207178422,2026-07-06,2026-07-06 16:11:59+08:00
516130,消费龙头ETF华宝,0.663,0.663,0.0,0.01,1.53,266147.0,17535188.0,0.654,0.665,0.65,0.653,2.3,1.73,1.24,6.22,160338.0,105809.0,-1187672.0,-6.77,-6825437.0,-38.92,5637765.0,32.15,1195807.0,6.82,-8134.0,-0.05,-2098.0,0.662,0.663,1537890000.0,1019621070,1019621070,2026-07-06,2026-07-06 16:11:49+08:00
520790,港股通互联网ETF兴业,0.795,0.8004,0.67,0.012,1.53,65413.0,5195941.0,0.79,0.802,0.772,0.783,3.83,1.7,0.7,-0.13,35880.0,29533.0,-5556.0,-0.11,0.0,0.0,-5556.0,-0.11,53937.0,1.04,-48381.0,-0.93,-282.0,0.795,0.796,385075008.0,306134631,306134631,2026-07-06,2026-07-06 16:11:44+08:00
562060,标普A股红利ETF华宝,0.596,0.595,-0.17,0.009,1.53,724838.0,42844739.0,0.588,0.596,0.584,0.587,2.04,1.31,0.86,5.31,362213.0,362625.0,-2292276.0,-5.35,287171.0,0.67,-2579447.0,-6.02,1471213.0,3.43,821064.0,1.92,-3534.0,0.595,0.596,5515792640.0,3287412413,3287412413,2026-07-06,2026-07-06 16:11:46+08:00
560520,红利低波100ETF大成,1.064,1.0641,0.01,0.016,1.53,8222.0,869119.0,1.044,1.064,1.044,1.048,1.91,2.44,0.85,0.2,7139.0,1083.0,-119910.0,-13.8,-8159.0,-0.94,-111751.0,-12.86,8512.0,0.98,111398.0,12.82,1.0,1.06,1.062,33751000.0,35911064,35911064,2026-07-06,2026-07-06 16:11:41+08:00
159179,港股通互联网ETF工银,0.801,0.8022,0.15,0.012,1.52,352519.0,28075427.479,0.808,0.809,0.773,0.789,4.56,30.68,0.87,-23.64,192821.0,159698.0,651977.0,2.32,-2710660.0,-9.65,3362637.0,11.98,-427830.0,-1.52,-224147.0,-0.8,4983.0,0.799,0.801,114903568.0,92037758,92037758,2026-07-06,2026-07-06 15:34:15+08:00
159645,疫苗ETF富国,0.602,0.6017,-0.05,0.009,1.52,18910.0,1143570.9,0.592,0.615,0.589,0.593,4.38,2.98,0.81,10.92,11455.0,7455.0,180142.0,15.75,196264.0,17.16,-16122.0,-1.41,-83996.0,-7.35,-96147.0,-8.41,200.0,0.602,0.604,63540740.0,38251525,38251525,2026-07-06,2026-07-06 15:34:48+08:00
159017,石油ETF工银,0.869,0.8701,0.13,0.013,1.52,67778.0,5884092.1,0.856,0.874,0.844,0.856,3.5,4.2,1.0,89.06,33317.0,34461.0,112123.0,1.91,0.0,0.0,112123.0,1.91,-157158.0,-2.67,45035.0,0.77,1300.0,0.866,0.868,161256813.0,140132170,140132170,2026-07-06,2026-07-06 15:34:27+08:00
159647,中药ETF鹏华,0.873,0.8728,-0.02,0.013,1.51,314130.0,27296594.692,0.856,0.878,0.853,0.86,2.91,2.03,1.06,-31.55,184211.0,129919.0,5257380.0,19.26,1494809.0,5.48,3762571.0,13.78,-3564821.0,-13.06,-1692559.0,-6.2,1324.0,0.872,0.873,1548961760.0,1352243616,1352243616,2026-07-06,2026-07-06 15:34:06+08:00
562570,信创ETF华夏,1.481,1.4752,-0.39,0.022,1.51,196541.0,29003502.0,1.48,1.497,1.443,1.459,3.7,6.79,1.0,0.23,100730.0,95811.0,-1791803.0,-6.18,520337.0,1.79,-2312140.0,-7.97,142868.0,0.49,1648935.0,5.69,-2217.0,1.48,1.481,289281008.0,428425173,428425173,2026-07-06,2026-07-06 16:11:50+08:00
159223,现金流ETF永赢,1.073,1.0736,0.06,0.016,1.51,88246.0,9434263.5,1.057,1.076,1.057,1.057,1.8,4.58,1.07,91.66,41839.0,46407.0,-510277.0,-5.41,383902.0,4.07,-894179.0,-9.48,473773.0,5.02,36504.0,0.39,94.0,1.072,1.075,192844755.0,206922422,206922422,2026-07-06,2026-07-06 15:34:27+08:00
562320,沪深300价值ETF银华,1.283,1.284,0.08,0.019,1.5,82700.0,10538978.0,1.268,1.285,1.266,1.264,1.5,14.19,1.08,3.86,33387.0,49313.0,1204283.0,11.43,1914424.0,18.17,-710141.0,-6.74,-1120687.0,-10.63,-83596.0,-0.79,6.0,1.28,1.281,58295500.0,74793127,74793127,2026-07-06,2026-07-06 16:11:39+08:00
159042,价值ETF汇添富,0.947,0.9483,0.14,0.014,1.5,22864.0,2148723.908,0.924,0.948,0.924,0.933,2.57,1.25,0.41,7.07,11263.0,11601.0,728336.0,33.9,0.0,0.0,728336.0,33.9,-581569.0,-27.07,-146767.0,-6.83,-600.0,0.947,0.95,182801105.0,173112646,173112646,2026-07-06,2026-07-06 15:34:36+08:00
513820,港股通红利ETF汇添富,1.156,1.1553,-0.06,0.017,1.49,837532.0,96227085.0,1.142,1.156,1.136,1.139,1.76,4.6,1.29,75.97,408827.0,428705.0,5811322.0,6.04,5278366.0,5.49,532956.0,0.55,-5689477.0,-5.91,-121846.0,-0.13,-3732.0,1.155,1.156,1820169008.0,2104115373,2104115373,2026-07-06,2026-07-06 16:11:34+08:00
159225,现金流ETF银华,1.167,1.1668,-0.02,0.017,1.48,33315.0,3872729.5,1.15,1.167,1.15,1.15,1.48,1.24,0.65,-7.35,17450.0,15865.0,-38672.0,-1.0,-372480.0,-9.62,333808.0,8.62,-80754.0,-2.09,119426.0,3.08,2.0,1.165,1.167,267744804.0,312458186,312458186,2026-07-06,2026-07-06 15:34:30+08:00
159100,巴西ETF华夏,1.095,1.0877,-0.67,0.016,1.48,507533.0,55630629.862,1.085,1.111,1.085,1.079,2.41,10.93,1.5,-24.98,269576.0,237958.0,2493049.0,4.48,-5795839.0,-10.42,8288888.0,14.9,-2905718.0,-5.22,412668.0,0.74,7326.0,1.094,1.095,464546928.0,508678886,508678886,2026-07-06,2026-07-06 15:34:57+08:00
159539,信创ETF广发,2.282,2.2665,-0.68,0.033,1.47,44200.0,10002514.2,2.291,2.341,2.115,2.249,10.05,7.81,0.78,84.16,25111.0,19089.0,-553983.0,-5.54,-613042.0,-6.13,59059.0,0.59,-619799.0,-6.2,1173782.0,11.73,-37.0,2.282,2.283,56565182.0,129081745,129081745,2026-07-06,2026-07-06 15:34:03+08:00
513830,港股通高股息ETF嘉实,1.108,1.1112,0.29,0.016,1.47,29578.0,3261840.0,1.092,1.11,1.092,1.092,1.65,5.25,1.05,5.74,16550.0,13028.0,340336.0,10.43,0.0,0.0,340336.0,10.43,-403722.0,-12.38,63386.0,1.94,91.0,1.108,1.109,56311000.0,62392588,62392588,2026-07-06,2026-07-06 16:11:42+08:00
516500,生物科技ETF华夏,0.622,0.6232,0.19,0.009,1.47,407994.0,25514784.0,0.611,0.64,0.606,0.613,5.55,14.02,1.49,10.34,209627.0,198367.0,1897784.0,7.44,2087345.0,8.18,-189561.0,-0.74,-1193234.0,-4.68,-704550.0,-2.76,-3926.0,0.621,0.622,290937200.0,180962938,180962938,2026-07-06,2026-07-06 16:11:39+08:00
159607,中概互联网ETF嘉实,0.766,0.7537,-1.63,0.011,1.46,2417708.0,184451733.2,0.757,0.773,0.743,0.755,3.97,19.05,1.27,35.31,1270909.0,1146799.0,1706209.0,0.93,7600638.0,4.12,-5894429.0,-3.2,-614998.0,-0.33,-1091211.0,-0.59,-3866.0,0.766,0.767,1268829136.0,971923118,971923118,2026-07-06,2026-07-06 15:34:36+08:00
159222,自由现金流ETF易方达,1.185,1.1833,-0.14,0.017,1.46,729720.0,86021410.2,1.168,1.187,1.164,1.168,1.97,5.14,1.08,23.51,393775.0,335945.0,-11343644.0,-13.19,-7169627.0,-8.33,-4174017.0,-4.85,7229654.0,8.4,4113991.0,4.78,2895.0,1.184,1.185,1418370400.0,1680768924,1680768924,2026-07-06,2026-07-06 15:34:06+08:00
159792,港股通互联网ETF富国,0.557,0.5602,0.57,0.008,1.46,45335036.0,2515787302.859,0.548,0.564,0.539,0.549,4.55,7.58,1.05,3.2,22193927.0,23141110.0,47727504.0,1.9,-1609840.0,-0.06,49337344.0,1.96,-50090503.0,-1.99,2363008.0,0.09,164146.0,0.556,0.557,59782855168.0,33299050329,33299050329,2026-07-06,2026-07-06 15:34:21+08:00
159332,央企红利ETF富国,1.122,1.1214,-0.05,0.016,1.45,28267.0,3147937.5,1.107,1.123,1.1,1.106,2.08,3.58,1.81,35.07,14266.0,14001.0,-683860.0,-21.72,414593.0,13.17,-1098453.0,-34.89,339932.0,10.8,343929.0,10.93,-10.0,1.122,1.123,79021477.0,88662097,88662097,2026-07-06,2026-07-06 15:34:12+08:00
159605,中概互联ETF广发,0.77,0.7558,-1.88,0.011,1.45,6064869.0,464251204.7,0.758,0.776,0.746,0.759,3.95,12.96,1.42,-17.11,3152087.0,2912782.0,13475466.0,2.9,5685148.0,1.22,7790318.0,1.68,-10568273.0,-2.28,-2907192.0,-0.63,-15880.0,0.77,0.771,4678486272.0,3602434429,3602434429,2026-07-06,2026-07-06 15:34:48+08:00
513720,港股互联网ETF国泰,0.634,0.6386,0.72,0.009,1.44,328711.0,20781179.0,0.633,0.64,0.615,0.625,4.0,13.76,1.42,2.76,164844.0,163867.0,-629758.0,-3.03,490020.0,2.36,-1119778.0,-5.39,716210.0,3.45,-86451.0,-0.42,-313.0,0.633,0.634,238859000.0,151436606,151436606,2026-07-06,2026-07-06 16:11:39+08:00
159856,互联网龙头ETF工银,0.564,0.5637,-0.05,0.008,1.44,42747.0,2398052.416,0.555,0.564,0.551,0.556,2.34,1.2,1.15,-43.08,20943.0,21804.0,-117505.0,-4.9,279695.0,11.66,-397200.0,-16.56,95960.0,4.0,21546.0,0.9,40.0,0.563,0.564,356372480.0,200994079,200994079,2026-07-06,2026-07-06 15:34:33+08:00
561510,中药ETF华泰柏瑞,0.916,0.9155,-0.05,0.013,1.44,26438.0,2407005.0,0.904,0.92,0.897,0.903,2.55,4.05,1.11,-8.68,13779.0,12659.0,185920.0,7.72,484867.0,20.14,-298947.0,-12.42,-240819.0,-10.0,54898.0,2.28,-20.0,0.916,0.917,65206000.0,59728696,59728696,2026-07-06,2026-07-06 16:11:54+08:00
510630,消费ETF华夏,0.773,0.7718,-0.16,0.011,1.44,682764.0,52386130.0,0.764,0.775,0.754,0.762,2.76,12.41,1.14,-5.54,329527.0,353237.0,1740223.0,3.32,4139431.0,7.9,-2399208.0,-4.58,-1414869.0,-2.7,-325354.0,-0.62,-3875.0,0.772,0.773,550361504.0,425429443,425429443,2026-07-06,2026-07-06 16:11:36+08:00
159307,红利低波100ETF博时,0.993,0.9935,0.05,0.014,1.43,1057355.0,103941800.4,0.979,0.994,0.973,0.979,2.15,1.42,0.84,19.81,645461.0,411894.0,7273823.0,7.0,7618677.0,7.33,-344854.0,-0.33,-4225789.0,-4.07,-3048035.0,-2.93,-786.0,0.993,0.994,7456903680.0,7404705354,7404705354,2026-07-06,2026-07-06 15:34:39+08:00
159263,价值ETF易方达,1.085,1.0851,0.01,0.015,1.4,3312315.0,358418290.1,1.07,1.088,1.064,1.07,2.24,6.67,0.99,35.57,2494947.0,817368.0,-105132998.0,-29.33,-119331113.0,-33.29,14198115.0,3.96,71487172.0,19.95,33645826.0,9.39,-5520.0,1.085,1.086,4964105216.0,5386054159,5386054159,2026-07-06,2026-07-06 15:34:51+08:00
159037,价值ETF鹏华,0.944,0.9473,0.35,0.013,1.4,29673.0,2787197.869,0.935,0.948,0.93,0.931,1.93,1.94,0.51,14.45,18062.0,11612.0,-23729.0,-0.85,-490911.0,-17.61,467182.0,16.76,-94016.0,-3.37,117745.0,4.22,2235.0,0.944,0.947,153249832.0,144667841,144667841,2026-07-06,2026-07-06 15:34:39+08:00
517180,中国国企ETF南方,1.38,1.3784,-0.12,0.019,1.4,50597.0,6942800.0,1.364,1.381,1.36,1.361,1.54,4.99,0.77,-23.28,23981.0,26616.0,-433246.0,-6.24,0.0,0.0,-433246.0,-6.24,121611.0,1.75,311635.0,4.49,-1.0,1.379,1.38,101496300.0,140064894,140064894,2026-07-06,2026-07-06 16:11:46+08:00
159657,疫苗ETF鹏华,0.582,0.583,0.17,0.008,1.39,31324.0,1841107.484,0.576,0.596,0.572,0.574,4.18,1.88,0.91,70.09,19399.0,11925.0,53517.0,2.91,541077.0,29.39,-487560.0,-26.48,82160.0,4.46,-135677.0,-7.37,-7.0,0.582,0.583,166514819.0,96911625,96911625,2026-07-06,2026-07-06 15:34:12+08:00
159662,交运ETF南方,0.948,0.9462,-0.19,0.013,1.39,63240.0,5964345.2,0.934,0.948,0.92,0.935,2.99,7.84,0.88,-45.89,30213.0,33027.0,118592.0,1.99,107.0,0.0,118485.0,1.99,-106526.0,-1.79,-12065.0,-0.2,98.0,0.944,0.948,80613946.0,76422021,76422021,2026-07-06,2026-07-06 15:34:00+08:00
560850,信创ETF汇添富,1.474,1.4709,-0.21,0.02,1.38,32027.0,4728559.0,1.49,1.495,1.44,1.454,3.78,4.26,0.51,-25.4,12488.0,19539.0,-501455.0,-10.6,0.0,0.0,-501455.0,-10.6,94612.0,2.0,406843.0,8.6,-188.0,1.472,1.474,75164000.0,110791736,110791736,2026-07-06,2026-07-06 16:11:52+08:00
159201,自由现金流ETF华夏,1.113,1.1116,-0.13,0.015,1.37,8370959.0,928012954.0,1.099,1.115,1.095,1.098,1.82,6.65,2.26,31.85,5677815.0,2693144.0,-98022336.0,-10.56,-335003408.0,-36.1,236981072.0,25.54,64507930.0,6.95,33514405.0,3.61,35314.0,1.112,1.113,12597275904.0,14020768081,14020768081,2026-07-06,2026-07-06 15:34:00+08:00
159520,消费龙头ETF工银,0.895,0.8942,-0.09,0.012,1.36,30881.0,2748385.3,0.883,0.898,0.88,0.883,2.04,1.94,0.68,-91.82,18536.0,12345.0,-54720.0,-1.99,-143889.0,-5.24,89169.0,3.24,83688.0,3.04,-28968.0,-1.05,-81.0,0.895,0.896,159177649.0,142463996,142463996,2026-07-06,2026-07-06 15:34:09+08:00
513530,港股通红利ETF华泰柏瑞,1.491,1.4901,-0.06,0.02,1.36,1228112.0,182229992.0,1.472,1.493,1.471,1.471,1.5,4.73,0.94,4.99,651169.0,576943.0,-5409158.0,-2.97,1353148.0,0.74,-6762306.0,-3.71,4335093.0,2.38,1074065.0,0.59,-7039.0,1.49,1.491,2595938704.0,3870544608,3870544608,2026-07-06,2026-07-06 16:11:41+08:00
520560,香港大盘30ETF华宝,0.759,0.7627,0.49,0.01,1.34,159283.0,12043406.0,0.751,0.762,0.744,0.749,2.4,2.36,1.25,-7.39,102366.0,56917.0,868067.0,7.21,-306419.0,-2.54,1174486.0,9.75,-764767.0,-6.35,-103301.0,-0.86,-3158.0,0.757,0.759,674419008.0,511884027,511884027,2026-07-06,2026-07-06 16:11:48+08:00
513220,中概互联ETF招商,0.913,0.8986,-1.6,0.012,1.33,517052.0,46900959.0,0.901,0.919,0.889,0.901,3.33,9.21,1.18,6.97,302908.0,214144.0,2806318.0,5.98,-4237374.0,-9.03,7043692.0,15.02,-1957773.0,-4.17,-848545.0,-1.81,-1994.0,0.912,0.913,561109408.0,512292890,512292890,2026-07-06,2026-07-06 16:11:53+08:00
159125,港股通科技ETF招商,0.685,0.6874,0.35,0.009,1.33,972968.0,66332035.496,0.678,0.69,0.673,0.676,2.51,10.45,1.93,-46.19,442012.0,530956.0,442114.0,0.67,1134631.0,1.71,-692517.0,-1.04,-297346.0,-0.45,-144767.0,-0.22,221.0,0.684,0.685,931245888.0,637903433,637903433,2026-07-06,2026-07-06 15:34:12+08:00
561580,央企红利ETF华泰柏瑞,1.141,1.1407,-0.03,0.015,1.33,669045.0,75752132.0,1.138,1.142,1.121,1.126,1.87,3.27,0.97,4.15,283639.0,385407.0,-1195589.0,-1.58,2871137.0,3.79,-4066726.0,-5.37,1669447.0,2.2,-473859.0,-0.63,-2279.0,1.14,1.141,2043870704.0,2332056473,2332056473,2026-07-06,2026-07-06 16:11:37+08:00
510020,超大盘ETF博时,3.897,3.899,0.05,0.051,1.33,11501.0,4481499.0,3.884,3.903,3.878,3.846,0.65,3.21,0.77,-34.56,6148.0,5353.0,133636.0,2.98,775920.0,17.31,-642284.0,-14.33,-112743.0,-2.52,-20893.0,-0.47,113.0,3.9,3.905,35848000.0,139699656,139699656,2026-07-06,2026-07-06 16:11:51+08:00
159228,红利低波ETF长城,0.987,0.9872,0.02,0.013,1.33,12965.0,1271236.4,0.97,0.989,0.969,0.974,2.05,1.14,6.14,78.46,2529.0,10436.0,-74516.0,-5.86,93630.0,7.37,-168146.0,-13.23,65293.0,5.14,9224.0,0.73,3.0,0.986,0.987,114212692.0,112727927,112727927,2026-07-06,2026-07-06 15:34:21+08:00
159277,港股通红利ETF富国,0.913,0.9139,0.1,0.012,1.33,56369.0,5135337.5,0.9,0.914,0.9,0.901,1.55,13.25,0.75,21.01,37561.0,18808.0,-1115038.0,-21.71,0.0,0.0,-1115038.0,-21.71,949864.0,18.5,165174.0,3.22,-50.0,0.913,0.915,42557011.0,38854551,38854551,2026-07-06,2026-07-06 15:34:15+08:00
159128,港股科技ETF天弘,0.693,0.6957,0.39,0.009,1.32,1227159.0,84976817.791,0.684,0.7,0.679,0.684,3.07,5.98,1.09,15.8,684735.0,542424.0,774340.0,0.91,-1249266.0,-1.47,2023606.0,2.38,-734848.0,-0.86,-39492.0,-0.05,-2399.0,0.693,0.694,2051760848.0,1421870268,1421870268,2026-07-06,2026-07-06 15:34:15+08:00
588720,科创50ETF中银,2.014,2.009,-0.25,0.026,1.31,100018.0,20027191.0,2.008,2.048,1.927,1.988,6.09,10.84,1.6,40.28,55330.0,44688.0,836197.0,4.18,1334327.0,6.66,-498130.0,-2.49,-877441.0,-4.38,41245.0,0.21,-2279.0,2.014,2.016,92241800.0,185774985,185774985,2026-07-06,2026-07-06 16:11:49+08:00
159355,800红利低波ETF华宝,1.003,1.0033,0.03,0.013,1.31,15041.0,1496410.4,0.991,1.004,0.981,0.99,2.32,1.55,1.22,16.14,11976.0,3065.0,-95840.0,-6.4,243331.0,16.26,-339171.0,-22.67,-6324.0,-0.42,102163.0,6.83,-851.0,1.003,1.004,97234277.0,97525980,97525980,2026-07-06,2026-07-06 15:34:18+08:00
159954,恒生中国企业ETF南方,0.852,0.8565,0.53,0.011,1.31,40737.0,3466662.3,0.842,0.858,0.84,0.841,2.14,1.86,1.08,-56.6,24681.0,16056.0,476083.0,13.73,0.0,0.0,476083.0,13.73,-422266.0,-12.18,-53818.0,-1.55,-2562.0,0.85,0.853,218605083.0,186251531,186251531,2026-07-06,2026-07-06 15:34:18+08:00
520950,港股通50ETF摩根,0.786,0.7894,0.43,0.01,1.29,338637.0,26563533.0,0.777,0.791,0.772,0.776,2.45,10.07,1.16,2.22,164562.0,174075.0,1331354.0,5.01,171306.0,0.64,1160048.0,4.37,-1300071.0,-4.89,-31284.0,-0.12,-2.0,0.786,0.787,336421008.0,264426912,264426912,2026-07-06,2026-07-06 16:12:01+08:00
513190,港股通金融ETF华夏,1.648,1.658,0.6,0.021,1.29,3181663.0,522580050.0,1.633,1.654,1.629,1.627,1.54,33.11,1.12,26.84,1575047.0,1606616.0,7443413.0,1.42,9133397.0,1.75,-1689984.0,-0.32,-6561757.0,-1.26,-881657.0,-0.17,-1637.0,1.648,1.649,960936000.0,1583622528,1583622528,2026-07-06,2026-07-06 16:11:55+08:00
159101,港股通科技ETF华夏,0.708,0.7089,0.13,0.009,1.29,4699841.0,332342843.033,0.703,0.714,0.694,0.699,2.86,14.9,1.34,-5.77,2297773.0,2402068.0,1483702.0,0.45,7550488.0,2.27,-6066786.0,-1.83,-925503.0,-0.28,-558199.0,-0.17,6722.0,0.707,0.708,3155311456.0,2233960511,2233960511,2026-07-06,2026-07-06 15:34:45+08:00
563150,油气ETF银华,1.261,1.2638,0.22,0.016,1.29,51022.0,6461013.0,1.257,1.274,1.247,1.245,2.17,8.59,0.9,54.27,23963.0,27059.0,221446.0,3.43,-1470578.0,-22.76,1692024.0,26.19,1304336.0,20.19,-1525781.0,-23.62,514.0,1.261,1.262,59399000.0,74902139,74902139,2026-07-06,2026-07-06 16:11:38+08:00
512750,基本面50ETF嘉实,1.349,1.35,0.07,0.017,1.28,21840.0,2926130.0,1.33,1.351,1.33,1.332,1.58,4.6,0.7,31.81,11434.0,10406.0,206014.0,7.04,0.0,0.0,206014.0,7.04,-221569.0,-7.57,15555.0,0.53,7.0,1.347,1.349,47454900.0,64016660,64016660,2026-07-06,2026-07-06 16:11:43+08:00
516900,食品饮料ETF华安,0.475,0.4746,-0.08,0.006,1.28,172874.0,8200440.0,0.471,0.478,0.466,0.469,2.56,4.85,1.0,15.21,87957.0,84917.0,-1771193.0,-21.6,-2380338.0,-29.03,609145.0,7.43,595750.0,7.26,1175443.0,14.33,21.0,0.475,0.476,356729008.0,169446279,169446279,2026-07-06,2026-07-06 16:11:32+08:00
560720,红利低波100ETF工银,0.953,0.9547,0.18,0.012,1.28,75531.0,7141402.0,0.937,0.955,0.936,0.941,2.02,3.92,0.86,-15.56,41567.0,33964.0,315966.0,4.42,373531.0,5.23,-57565.0,-0.81,-168500.0,-2.36,-147466.0,-2.06,-756.0,0.954,0.955,192548000.0,183498244,183498244,2026-07-06,2026-07-06 16:11:48+08:00
159538,信创ETF富国,2.298,2.2968,-0.05,0.029,1.28,309228.0,70716260.5,2.328,2.335,2.203,2.269,5.82,20.85,1.4,17.21,164775.0,144453.0,-7270097.0,-10.28,-3847217.0,-5.44,-3422880.0,-4.84,693329.0,0.98,6576770.0,9.3,-310.0,2.298,2.299,148304483.0,340803702,340803702,2026-07-06,2026-07-06 15:34:45+08:00
515710,食品饮料ETF华宝,0.477,0.4761,-0.19,0.006,1.27,639121.0,30318887.0,0.47,0.48,0.467,0.471,2.76,2.59,1.1,-14.3,310176.0,328945.0,-488840.0,-1.61,-91046.0,-0.3,-397794.0,-1.31,-717777.0,-2.37,1206616.0,3.98,-5292.0,0.476,0.477,2467099808.0,1176806608,1176806608,2026-07-06,2026-07-06 16:11:46+08:00
159938,医药ETF广发,0.639,0.6363,-0.42,0.008,1.27,1442769.0,92522320.6,0.629,0.653,0.623,0.631,4.75,1.97,1.08,1.9,717014.0,725755.0,13862191.0,14.98,15626666.0,16.89,-1764475.0,-1.91,-4607948.0,-4.98,-9254244.0,-10.0,-5679.0,0.639,0.64,7312067328.0,4672411023,4672411023,2026-07-06,2026-07-06 15:34:12+08:00
520770,恒指港股通ETF建信,0.876,0.8765,0.06,0.011,1.27,159951.0,13936466.0,0.865,0.877,0.858,0.865,2.2,7.64,2.21,34.63,74800.0,85151.0,1525466.0,10.95,3261805.0,23.4,-1736339.0,-12.46,-1204148.0,-8.64,-321318.0,-2.31,-266.0,0.876,0.877,209373800.0,183411449,183411449,2026-07-06,2026-07-06 16:11:33+08:00
512690,酒ETF鹏华,0.401,0.4004,-0.15,0.005,1.26,18836895.0,752217244.0,0.394,0.404,0.392,0.396,3.03,5.43,1.03,5.79,11038068.0,7798827.0,46464634.0,6.18,97324512.0,12.94,-50859878.0,-6.76,-36152043.0,-4.81,-10312599.0,-1.37,-131704.0,0.4,0.401,34678150144.0,13905938208,13905938208,2026-07-06,2026-07-06 16:11:45+08:00
159166,现金流ETF长城,0.806,0.8081,0.26,0.01,1.26,45886.0,3686033.984,0.795,0.809,0.795,0.796,1.76,0.78,1.67,-72.55,18691.0,27195.0,-159854.0,-4.34,-877247.0,-23.8,717393.0,19.46,178320.0,4.84,-18466.0,-0.5,-10.0,0.806,0.808,591816064.0,477003748,477003748,2026-07-06,2026-07-06 15:34:33+08:00
159302,港股高股息ETF银华,1.218,1.2189,0.07,0.015,1.25,66597.0,8087812.1,1.203,1.226,1.203,1.203,1.91,11.73,0.96,28.17,37010.0,29587.0,501838.0,6.2,1926.0,0.02,499912.0,6.18,-448457.0,-5.54,-53380.0,-0.66,500.0,1.218,1.222,56797609.0,69179488,69179488,2026-07-06,2026-07-06 15:34:06+08:00
159266,港股央企红利ETF永赢,0.898,0.8988,0.09,0.011,1.24,180154.0,16108738.1,0.883,0.898,0.883,0.887,1.69,4.66,0.81,15.53,108485.0,71669.0,1458651.0,9.06,1287213.0,7.99,171438.0,1.06,-1446988.0,-8.98,-11664.0,-0.07,1.0,0.897,0.898,386710096.0,347265666,347265666,2026-07-06,2026-07-06 15:34:30+08:00
510060,央企ETF工银,2.53,2.5339,0.15,0.031,1.24,4187.0,1053475.0,2.5,2.535,2.5,2.499,1.4,1.16,1.41,3.45,2098.0,2089.0,190262.0,18.06,0.0,0.0,190262.0,18.06,-141835.0,-13.46,-48426.0,-4.6,-1.0,2.53,2.539,35959200.0,90976776,90976776,2026-07-06,2026-07-06 16:11:49+08:00
159549,红利低波ETF天弘,1.144,1.1453,0.11,0.014,1.24,324463.0,36855369.2,1.131,1.146,1.12,1.13,2.3,0.68,3.53,-63.36,58603.0,265860.0,859977.0,2.33,2720996.0,7.38,-1861019.0,-5.05,-519915.0,-1.41,-340062.0,-0.92,-50.0,1.144,1.145,4801523968.0,5492943419,5492943419,2026-07-06,2026-07-06 15:34:30+08:00
562080,300现金流ETF华宝,0.577,0.5779,0.16,0.007,1.23,429258.0,24729098.0,0.57,0.579,0.568,0.57,1.93,6.76,0.72,1.26,210642.0,218616.0,983520.0,3.98,413099.0,1.67,570421.0,2.31,-503754.0,-2.04,-479766.0,-1.94,-111.0,0.577,0.578,634757200.0,366254904,366254904,2026-07-06,2026-07-06 16:11:56+08:00
159688,恒生互联网ETF华安,0.745,0.7472,0.29,0.009,1.22,2069089.0,153178594.3,0.734,0.751,0.722,0.736,3.94,14.66,1.28,-61.66,1072803.0,996286.0,1036672.0,0.68,-697310.0,-0.46,1733982.0,1.13,-88848.0,-0.06,-947824.0,-0.62,2379.0,0.744,0.745,1411278480.0,1051402468,1051402468,2026-07-06,2026-07-06 15:34:15+08:00
159711,港股通50ETF华夏,1.24,1.2397,-0.02,0.015,1.22,253867.0,31360432.6,1.22,1.243,1.22,1.225,1.88,57.09,1.35,7.91,138270.0,115597.0,876123.0,2.79,36494.0,0.12,839629.0,2.68,-948237.0,-3.02,72113.0,0.23,648.0,1.237,1.24,44465157.0,55136795,55136795,2026-07-06,2026-07-06 15:34:09+08:00
159849,生物科技ETF招商,0.497,0.4952,-0.36,0.006,1.22,95700.0,4786265.816,0.494,0.511,0.486,0.491,5.09,5.49,1.12,23.87,60238.0,35462.0,144761.0,3.02,715855.0,14.96,-571094.0,-11.93,-120889.0,-2.53,-23871.0,-0.5,200.0,0.497,0.499,174372396.0,86663081,86663081,2026-07-06,2026-07-06 15:34:30+08:00
159822,新经济ETF银华,0.581,0.5746,-1.11,0.007,1.22,111777.0,6466570.6,0.576,0.584,0.57,0.574,2.44,3.4,0.95,-11.02,62082.0,49695.0,947551.0,14.65,523476.0,8.1,424075.0,6.56,-822328.0,-12.72,-125224.0,-1.94,-1335.0,0.581,0.582,328734320.0,190994640,190994640,2026-07-06,2026-07-06 15:34:51+08:00
588940,科创50ETF富国,2.066,2.0605,-0.27,0.025,1.22,777463.0,158969742.0,2.068,2.087,1.975,2.041,5.49,15.03,1.12,-39.79,392639.0,384824.0,1799452.0,1.13,-2901760.0,-1.83,4701212.0,2.96,-2042635.0,-1.28,243184.0,0.15,-4295.0,2.066,2.067,517420000.0,1068989720,1068989720,2026-07-06,2026-07-06 16:11:33+08:00
159545,恒生红利低波ETF易方达,1.241,1.2392,-0.15,0.015,1.22,1053776.0,130425079.04,1.233,1.244,1.227,1.226,1.39,2.18,0.75,5.42,572515.0,481261.0,1055130.0,0.81,-17734615.0,-13.6,18789745.0,14.41,-2129331.0,-1.63,1074201.0,0.82,-1978.0,1.241,1.242,4831003648.0,5995275527,5995275527,2026-07-06,2026-07-06 15:34:15+08:00
588770,科创信息ETF摩根,2.247,2.2397,-0.33,0.027,1.22,160791.0,35630723.0,2.248,2.274,2.142,2.22,5.95,4.67,0.85,-18.43,81388.0,79403.0,2809542.0,7.89,7253402.0,20.36,-4443860.0,-12.47,-2262513.0,-6.35,-547028.0,-1.54,-936.0,2.246,2.247,344597104.0,774309693,774309693,2026-07-06,2026-07-06 16:11:59+08:00
520890,港股通红利低波ETF华泰柏瑞,1.252,1.2516,-0.03,0.015,1.21,251302.0,31398692.0,1.244,1.256,1.239,1.237,1.37,32.85,0.9,9.37,131600.0,119702.0,966302.0,3.08,726565.0,2.31,239737.0,0.76,-889275.0,-2.83,-77028.0,-0.25,-1776.0,1.252,1.253,76508000.0,95788016,95788016,2026-07-06,2026-07-06 16:11:50+08:00
159729,互联网ETF汇添富,0.671,0.6727,0.25,0.008,1.21,30269.0,2023763.7,0.655,0.672,0.655,0.663,2.56,4.41,2.08,30.91,20656.0,9613.0,64735.0,3.2,0.0,0.0,64735.0,3.2,-99766.0,-4.93,35031.0,1.73,2.0,0.67,0.671,68560633.0,46004185,46004185,2026-07-06,2026-07-06 15:34:48+08:00
159726,港股通高股息ETF华夏,1.257,1.2602,0.25,0.015,1.21,87147.0,10932034.2,1.243,1.261,1.243,1.242,1.45,3.22,0.67,-10.93,48852.0,38295.0,90903.0,0.83,0.0,0.0,90903.0,0.83,-279027.0,-2.55,188123.0,1.72,289.0,1.256,1.257,270411376.0,339907100,339907100,2026-07-06,2026-07-06 15:34:45+08:00
561920,疫苗ETF招商,0.675,0.6752,0.03,0.008,1.2,16942.0,1154421.0,0.669,0.692,0.661,0.667,4.65,3.55,0.5,-2.04,7637.0,9305.0,463655.0,40.16,0.0,0.0,463655.0,40.16,-412716.0,-35.75,-50939.0,-4.41,-1.0,0.674,0.675,47692000.0,32192100,32192100,2026-07-06,2026-07-06 16:11:53+08:00
588810,科创芯片ETF富国,3.112,3.1042,-0.25,0.037,1.2,494829.0,152646879.0,3.14,3.158,2.96,3.075,6.44,9.26,0.92,-26.16,201179.0,293650.0,-85208.0,-0.06,4916482.0,3.22,-5001690.0,-3.28,-2446502.0,-1.6,2531710.0,1.66,-2483.0,3.112,3.113,534324000.0,1662816288,1662816288,2026-07-06,2026-07-06 16:11:48+08:00
588290,科创芯片ETF华安,4.298,4.277,-0.49,0.051,1.2,1146912.0,487721933.0,4.311,4.373,4.11,4.247,6.19,8.81,1.15,43.42,570106.0,576806.0,13445748.0,2.76,59030473.0,12.1,-45584725.0,-9.35,-21570094.0,-4.42,8124345.0,1.67,-4608.0,4.298,4.302,1301397008.0,5593404340,5593404340,2026-07-06,2026-07-06 16:11:40+08:00
159850,恒生国企ETF华夏,0.758,0.7603,0.3,0.009,1.2,161129.0,12189331.0,0.751,0.762,0.744,0.749,2.4,2.89,0.86,-16.73,81823.0,79306.0,478146.0,3.92,-417290.0,-3.42,895436.0,7.35,-367695.0,-3.02,-110451.0,-0.91,-867.0,0.758,0.759,556706496.0,421983524,421983524,2026-07-06,2026-07-06 15:34:03+08:00
159333,港股央企红利ETF万家,1.262,1.2627,0.06,0.015,1.2,222902.0,28056169.2,1.255,1.265,1.251,1.247,1.12,10.32,1.62,36.17,113249.0,109653.0,183879.0,0.66,273325.0,0.97,-89446.0,-0.32,5265.0,0.02,-189144.0,-0.67,-283.0,1.262,1.264,215952835.0,272532478,272532478,2026-07-06,2026-07-06 15:34:15+08:00
513090,香港证券ETF易方达,1.858,1.8685,0.56,0.022,1.2,36996150.0,6876312484.0,1.878,1.887,1.84,1.836,2.56,34.95,0.9,-28.54,18579057.0,18417093.0,-12892256.0,-0.19,9893488.0,0.14,-22785744.0,-0.33,1204688.0,0.02,11687568.0,0.17,-188099.0,1.858,1.859,10586488064.0,19669694823,19669694823,2026-07-06,2026-07-06 16:11:45+08:00
560080,中药ETF汇添富,0.938,0.9396,0.17,0.011,1.19,551332.0,51536033.0,0.925,0.945,0.918,0.927,2.91,2.11,0.84,-4.22,292301.0,259031.0,7321390.0,14.21,563696.0,1.09,6757694.0,13.11,-3766263.0,-7.31,-3555129.0,-6.9,-5060.0,0.938,0.939,2616265008.0,2454056578,2454056578,2026-07-06,2026-07-06 16:11:38+08:00
515480,N红利低波100ETF南方,1.027,1.0307,0.36,0.012,1.18,1436376.0,145760500.0,1.013,1.028,1.008,1.015,1.97,63.74,,-41.88,647765.0,788611.0,10992100.0,7.54,21745689.0,14.92,-10753589.0,-7.38,-9859747.0,-6.76,-1132354.0,-0.78,-1697.0,1.027,1.028,225340713.0,231424912,231424912,2026-07-06,2026-07-06 16:11:57+08:00
159843,食品饮料ETF招商,0.517,0.5172,0.04,0.006,1.17,220547.0,11363797.5,0.511,0.521,0.508,0.511,2.54,3.33,1.01,-9.71,113647.0,106900.0,-1777085.0,-15.64,-574043.0,-5.05,-1203042.0,-10.59,121644.0,1.07,1655439.0,14.57,-105.0,0.517,0.518,662955136.0,342747805,342747805,2026-07-06,2026-07-06 15:34:33+08:00
159793,线上消费ETF平安,0.781,0.7803,-0.09,0.009,1.17,4393.0,341886.4,0.778,0.786,0.766,0.772,2.59,1.1,0.6,-14.45,2490.0,1903.0,-21889.0,-6.4,0.0,0.0,-21889.0,-6.4,58721.0,17.18,-36832.0,-10.77,-39.0,0.781,0.785,39758908.0,31051707,31051707,2026-07-06,2026-07-06 15:34:18+08:00
159788,港股通100ETF易方达,1.129,1.1328,0.34,0.013,1.16,60201.0,6773913.7,1.111,1.134,1.109,1.116,2.24,6.24,0.31,-5.06,34826.0,25375.0,-1674233.0,-24.72,-101572.0,-1.5,-1572661.0,-23.22,74518.0,1.1,1599715.0,23.62,162.0,1.126,1.129,96424965.0,108863785,108863785,2026-07-06,2026-07-06 15:34:36+08:00
516920,芯片ETF汇添富,1.828,1.8143,-0.76,0.021,1.16,478450.0,87013241.0,1.852,1.859,1.748,1.807,6.14,10.25,0.91,5.95,215210.0,263240.0,1598329.0,1.84,1267203.0,1.46,331126.0,0.38,-2564022.0,-2.95,965693.0,1.11,-5702.0,1.828,1.829,466963008.0,853608379,853608379,2026-07-06,2026-07-06 16:11:40+08:00
513360,教育ETF博时,0.441,0.4373,-0.85,0.005,1.15,1834961.0,81435420.0,0.445,0.454,0.439,0.436,3.44,27.75,1.81,-2.44,811920.0,1023041.0,-3578137.0,-4.39,-2074104.0,-2.55,-1504033.0,-1.85,2624280.0,3.22,953857.0,1.17,-11141.0,0.44,0.441,661213904.0,291595332,291595332,2026-07-06,2026-07-06 16:11:54+08:00
159191,港股通科技ETF易方达,0.878,0.88,0.23,0.01,1.15,227225.0,19932879.1,0.948,0.948,0.862,0.868,9.91,30.25,3.73,-63.44,125116.0,102109.0,-551560.0,-2.77,1556117.0,7.81,-2107677.0,-10.57,302653.0,1.52,248907.0,1.25,-40.0,0.878,0.879,75104851.0,65942059,65942059,2026-07-06,2026-07-06 15:34:51+08:00
512640,金融地产ETF嘉实,2.284,2.2844,0.02,0.026,1.15,44420.0,10048144.0,2.256,2.286,2.249,2.258,1.64,19.97,0.87,-0.8,29335.0,15085.0,-88223.0,-0.88,0.0,0.0,-88223.0,-0.88,152696.0,1.52,-64472.0,-0.64,-927.0,2.284,2.286,22240900.0,50798216,50798216,2026-07-06,2026-07-06 16:11:57+08:00
159839,生物医药ETF汇添富,0.353,0.353,0.0,0.004,1.15,2992642.0,106643233.956,0.349,0.365,0.344,0.349,6.02,9.47,1.03,15.84,1684197.0,1308445.0,6475116.0,6.07,13391214.0,12.56,-6916098.0,-6.49,-5818954.0,-5.46,-656162.0,-0.62,-9927.0,0.353,0.354,3161235168.0,1115916014,1115916014,2026-07-06,2026-07-06 15:34:36+08:00
517900,银行AH优选ETF招商,1.405,1.4102,0.37,0.016,1.15,200741.0,28059022.0,1.389,1.408,1.381,1.389,1.94,4.18,0.92,8.11,121222.0,79519.0,1667706.0,5.94,1461886.0,5.21,205820.0,0.73,-1380291.0,-4.92,-287415.0,-1.02,-260.0,1.405,1.406,479993504.0,674390873,674390873,2026-07-06,2026-07-06 16:11:38+08:00
517120,创新药ETF华泰柏瑞,0.712,0.7138,0.25,0.008,1.14,1967369.0,141489978.0,0.691,0.739,0.69,0.704,6.96,24.75,1.44,51.55,948737.0,1018632.0,9659060.0,6.83,-1506048.0,-1.06,11165108.0,7.89,-5511787.0,-3.9,-4147273.0,-2.93,-11584.0,0.711,0.712,794966400.0,566016077,566016077,2026-07-06,2026-07-06 16:11:47+08:00
515170,食品饮料ETF华夏,0.446,0.4452,-0.18,0.005,1.13,2884692.0,128106670.0,0.44,0.448,0.437,0.441,2.49,3.15,1.44,-14.09,1717299.0,1167393.0,-18224952.0,-14.23,-11518477.0,-8.99,-6706475.0,-5.24,18041689.0,14.08,183263.0,0.14,-7340.0,0.445,0.446,9151757824.0,4081683990,4081683990,2026-07-06,2026-07-06 16:11:50+08:00
560030,800价值ETF汇添富,1.257,1.2606,0.29,0.014,1.13,360.0,45242.0,1.25,1.26,1.25,1.243,0.8,0.15,0.13,-0.29,105.0,255.0,10423.0,23.04,0.0,0.0,10423.0,23.04,0.0,0.0,-10423.0,-23.04,-46.0,1.258,1.259,23432000.0,29454024,29454024,2026-07-06,2026-07-06 16:11:56+08:00
516640,芯片ETF富国,1.876,1.8708,-0.28,0.021,1.13,1843009.0,343114938.0,1.908,1.908,1.79,1.855,6.36,14.0,0.96,9.8,908968.0,934041.0,-7304855.0,-2.13,-3756528.0,-1.09,-3548327.0,-1.03,-3055160.0,-0.89,10360016.0,3.02,-5429.0,1.876,1.877,1316482800.0,2469721733,2469721733,2026-07-06,2026-07-06 16:11:36+08:00
562050,药ETF华宝,0.997,0.9969,-0.01,0.011,1.12,254932.0,25550799.0,0.978,1.026,0.963,0.986,6.39,21.16,1.2,-0.29,122610.0,132322.0,-1016467.0,-3.98,-1673051.0,-6.55,656584.0,2.57,155895.0,0.61,860573.0,3.37,-81.0,0.997,0.998,120468000.0,120106596,120106596,2026-07-06,2026-07-06 16:11:49+08:00
560320,食品ETF富国,0.907,0.9077,0.08,0.01,1.11,77696.0,7030104.0,0.889,0.91,0.886,0.897,2.68,4.91,1.68,-16.71,45149.0,32547.0,418814.0,5.96,-1146802.0,-16.31,1565616.0,22.27,-361510.0,-5.14,-57303.0,-0.82,-55.0,0.904,0.907,158332000.0,143607124,143607124,2026-07-06,2026-07-06 16:11:37+08:00
512070,证券保险ETF易方达,0.817,0.8167,-0.04,0.009,1.11,8952778.0,727524000.0,0.816,0.819,0.805,0.808,1.73,4.98,0.92,-22.26,4447174.0,4505604.0,-35190052.0,-4.84,-19130064.0,-2.63,-16059988.0,-2.21,29154116.0,4.01,6035942.0,0.83,-36941.0,0.816,0.817,17969479680.0,14681064899,14681064899,2026-07-06,2026-07-06 16:11:47+08:00
588060,科创50ETF广发,1.275,1.2653,-0.77,0.014,1.11,3525497.0,446578829.0,1.271,1.289,1.22,1.261,5.47,6.62,0.93,-17.55,1541756.0,1983741.0,4031403.0,0.9,-26699113.0,-5.98,30730516.0,6.88,-9097086.0,-2.04,5065683.0,1.13,-14722.0,1.275,1.276,5323140096.0,6787003622,6787003622,2026-07-06,2026-07-06 16:11:59+08:00
589150,科创50ETF平安,1.451,1.4472,-0.26,0.016,1.11,157322.0,22464618.0,1.458,1.462,1.385,1.435,5.37,18.41,0.85,-11.2,64594.0,92728.0,999846.0,4.45,2935868.0,13.07,-1936022.0,-8.62,-1199554.0,-5.34,199710.0,0.89,-535.0,1.451,1.452,85437200.0,123969377,123969377,2026-07-06,2026-07-06 16:11:59+08:00
513520,日经ETF华夏,2.47,2.2857,-8.06,0.027,1.11,2195594.0,532451979.0,2.423,2.48,2.391,2.443,3.64,20.76,0.97,-35.76,1171226.0,1024368.0,-34647159.0,-6.51,-11935923.0,-2.24,-22711236.0,-4.27,29394463.0,5.52,5252695.0,0.99,-20143.0,2.469,2.47,1057387200.0,2611746384,2611746384,2026-07-06,2026-07-06 16:11:49+08:00
159331,红利港股ETF国泰,1.197,1.1988,0.15,0.013,1.1,69259.0,8277380.6,1.187,1.201,1.184,1.184,1.44,4.39,1.22,-7.45,45616.0,23643.0,-621171.0,-7.5,0.0,0.0,-621171.0,-7.5,383450.0,4.63,237721.0,2.87,91.0,1.196,1.197,157694179.0,188759932,188759932,2026-07-06,2026-07-06 15:34:09+08:00
513920,港股通央企红利ETF华安,1.477,1.4768,-0.01,0.016,1.1,770921.0,113792774.0,1.462,1.482,1.462,1.461,1.37,2.96,0.61,0.68,377793.0,393128.0,1762108.0,1.55,12822528.0,11.27,-11060420.0,-9.72,208933.0,0.18,-1971042.0,-1.73,-2598.0,1.476,1.477,2603731008.0,3845710699,3845710699,2026-07-06,2026-07-06 16:11:37+08:00
159251,港股通科技ETF万家,0.735,0.7374,0.33,0.008,1.1,153292.0,11264973.836,0.728,0.743,0.721,0.727,3.03,6.19,0.63,-30.44,78034.0,75258.0,123626.0,1.1,-598128.0,-5.31,721754.0,6.41,-171590.0,-1.52,47964.0,0.43,230.0,0.734,0.735,247787744.0,182123992,182123992,2026-07-06,2026-07-06 15:34:39+08:00
512010,医药ETF易方达,0.367,0.3672,0.05,0.004,1.1,28301529.0,1043385094.0,0.362,0.375,0.358,0.363,4.68,5.76,1.1,0.72,16837586.0,11463943.0,55395550.0,5.31,111982992.0,10.73,-56587442.0,-5.42,-40037566.0,-3.84,-15357973.0,-1.47,-48135.0,0.366,0.367,49111694848.0,18023992009,18023992009,2026-07-06,2026-07-06 16:11:54+08:00
513330,恒生互联网ETF华夏,0.366,0.368,0.54,0.004,1.1,77052769.0,2803730127.0,0.361,0.369,0.355,0.362,3.87,10.75,1.27,-23.14,40449159.0,36603610.0,26252752.0,0.94,63036048.0,2.25,-36783296.0,-1.31,-21168289.0,-0.76,-5084467.0,-0.18,-581262.0,0.365,0.366,71709478912.0,26245669282,26245669282,2026-07-06,2026-07-06 16:11:40+08:00
513950,恒生红利ETF富国,1.196,1.196,0.0,0.013,1.1,513384.0,61298717.0,1.184,1.2,1.182,1.183,1.52,2.56,0.56,-14.45,249727.0,263657.0,-1381932.0,-2.25,-404351.0,-0.66,-977581.0,-1.59,429955.0,0.7,951977.0,1.55,-997.0,1.196,1.197,2001619008.0,2393936334,2393936334,2026-07-06,2026-07-06 16:11:38+08:00
517050,互联网ETF华泰柏瑞,0.643,0.6447,0.26,0.007,1.1,28789.0,1841935.0,0.636,0.643,0.63,0.636,2.04,0.82,0.69,21.44,10423.0,18366.0,-195411.0,-10.61,-413440.0,-22.45,218029.0,11.84,304786.0,16.55,-109375.0,-5.94,-1.0,0.642,0.643,349605008.0,224796020,224796020,2026-07-06,2026-07-06 16:11:34+08:00
159719,国企ETF平安,1.471,1.4721,0.07,0.016,1.1,11580.0,1696212.3,1.454,1.473,1.453,1.455,1.37,4.42,0.34,-56.16,5750.0,5830.0,76127.0,4.49,0.0,0.0,76127.0,4.49,-6030.0,-0.36,-70097.0,-4.13,-4.0,1.471,1.473,26195986.0,38534295,38534295,2026-07-06,2026-07-06 15:34:42+08:00
560710,船舶ETF富国,0.931,0.9272,-0.41,0.01,1.09,1052735.0,98016643.0,0.924,0.941,0.918,0.921,2.5,5.23,1.03,78.76,500857.0,551878.0,-6992970.0,-7.13,-12299973.0,-12.55,5307003.0,5.41,4454941.0,4.55,2538030.0,2.59,-18023.0,0.931,0.932,2014580000.0,1875573980,1875573980,2026-07-06,2026-07-06 16:11:50+08:00
562030,信创ETF华宝,0.554,0.5598,1.04,0.006,1.09,342541.0,19112937.0,0.573,0.574,0.543,0.548,5.66,24.65,2.08,-30.23,87225.0,255316.0,-3457274.0,-18.09,-5984326.0,-31.31,2527052.0,13.22,1829253.0,9.57,1628021.0,8.52,-62.0,0.554,0.555,138973900.0,76991541,76991541,2026-07-06,2026-07-06 16:11:35+08:00
513320,港股通新经济ETF易方达,1.022,1.0296,0.74,0.011,1.09,129843.0,13263774.0,1.015,1.033,1.005,1.011,2.77,11.7,1.08,-9.54,64694.0,65149.0,437124.0,3.3,-289960.0,-2.19,727084.0,5.48,-364249.0,-2.75,-72874.0,-0.55,-2071.0,1.022,1.023,111010600.0,113452833,113452833,2026-07-06,2026-07-06 16:11:39+08:00
159336,央企红利ETF融通,1.114,1.1139,-0.01,0.012,1.09,83475.0,9284874.316,1.104,1.118,1.1,1.102,1.63,2.17,1.33,21.85,40914.0,42561.0,437825.0,4.72,655744.0,7.06,-217919.0,-2.35,-307600.0,-3.31,-130224.0,-1.4,50.0,1.11,1.115,384905088.0,428784268,428784268,2026-07-06,2026-07-06 15:34:48+08:00
560900,创新药ETF摩根,0.939,0.9393,0.03,0.01,1.08,530158.0,50413972.0,0.936,0.976,0.907,0.929,7.43,23.26,1.28,17.82,275728.0,254430.0,-5326224.0,-10.56,-4915122.0,-9.75,-411102.0,-0.82,3528655.0,7.0,1797569.0,3.57,-1291.0,0.939,0.94,227969100.0,214062985,214062985,2026-07-06,2026-07-06 16:11:32+08:00
563980,800红利低波ETF鑫元,0.936,0.9365,0.05,0.01,1.08,34469.0,3210782.0,0.918,0.936,0.898,0.926,4.1,1.67,0.8,31.43,25559.0,8910.0,-175677.0,-5.47,0.0,0.0,-175677.0,-5.47,184658.0,5.75,-8982.0,-0.28,2680.0,0.935,0.938,206967000.0,193721112,193721112,2026-07-06,2026-07-06 16:11:41+08:00
517200,互联网ETF嘉实,0.569,0.5689,-0.02,0.006,1.07,41146.0,2329727.0,0.563,0.57,0.558,0.563,2.13,2.88,1.57,0.02,18539.0,22607.0,-193927.0,-8.32,511107.0,21.94,-705034.0,-30.26,206217.0,8.85,-12292.0,-0.53,-290.0,0.567,0.569,142782000.0,81242958,81242958,2026-07-06,2026-07-06 16:11:50+08:00
561680,A500红利低波ETF平安,0.947,0.9478,0.08,0.01,1.07,13219.0,1241681.0,0.93,0.948,0.93,0.937,1.92,1.86,1.3,-0.05,8284.0,4935.0,-218610.0,-17.61,0.0,0.0,-218610.0,-17.61,225439.0,18.16,-6829.0,-0.55,-106.0,0.946,0.948,71169000.0,67397043,67397043,2026-07-06,2026-07-06 16:11:45+08:00
515300,300红利低波ETF嘉实,1.23,1.2302,0.02,0.013,1.07,911085.0,111358139.0,1.215,1.231,1.208,1.217,1.89,2.31,1.22,-1.16,601208.0,309877.0,-7550868.0,-6.78,-4164390.0,-3.74,-3386478.0,-3.04,3574030.0,3.21,3976838.0,3.57,-1148.0,1.229,1.23,3942675200.0,4849490496,4849490496,2026-07-06,2026-07-06 16:11:44+08:00
159736,食品饮料ETF天弘,0.566,0.5658,-0.04,0.006,1.07,507124.0,28559626.5,0.56,0.57,0.555,0.56,2.68,0.69,0.89,-40.6,240062.0,267062.0,-5912585.0,-20.7,-7889148.0,-27.62,1976563.0,6.92,3839958.0,13.45,2072627.0,7.26,411.0,0.565,0.566,7382394368.0,4178435212,4178435212,2026-07-06,2026-07-06 15:34:45+08:00
510660,医药ETF华夏,2.469,2.4686,-0.02,0.026,1.06,130567.0,32337080.0,2.463,2.529,2.406,2.443,5.03,22.37,1.06,5.5,64899.0,65668.0,-5192416.0,-16.06,265903.0,0.82,-5458319.0,-16.88,3475970.0,10.75,1716446.0,5.31,-812.0,2.468,2.469,58379700.0,144139479,144139479,2026-07-06,2026-07-06 16:11:57+08:00
589850,科创50ETF东财,1.914,1.9073,-0.35,0.02,1.06,882170.0,166830679.0,1.914,1.932,1.83,1.894,5.39,20.95,1.08,88.62,424034.0,458136.0,-4353222.0,-2.61,-16100165.0,-9.65,11746943.0,7.04,1576845.0,0.95,2776376.0,1.66,-3677.0,1.914,1.915,421057008.0,805903113,805903113,2026-07-06,2026-07-06 16:11:59+08:00
588370,科创50增强ETF南方,2.099,2.0943,-0.22,0.022,1.06,44508.0,9304721.0,2.133,2.133,2.02,2.077,5.44,7.64,0.68,-4.46,22049.0,22459.0,-1483063.0,-15.94,-79629.0,-0.86,-1403434.0,-15.08,849754.0,9.13,633308.0,6.81,-1996.0,2.099,2.115,58272000.0,122312928,122312928,2026-07-06,2026-07-06 16:11:33+08:00
159931,金融地产ETF汇添富,1.805,1.8088,0.21,0.019,1.06,4812.0,859998.6,1.779,1.805,1.779,1.786,1.46,2.49,2.5,-21.04,1794.0,3018.0,180276.0,20.96,0.0,0.0,180276.0,20.96,-144523.0,-16.81,-35754.0,-4.16,-100.0,1.807,1.808,19328511.0,34887962,34887962,2026-07-06,2026-07-06 15:34:03+08:00
159859,生物医药ETF天弘,0.38,0.3801,0.03,0.004,1.06,8622816.0,330891097.608,0.375,0.392,0.37,0.376,5.85,6.73,1.14,45.43,4904823.0,3717993.0,13725779.0,4.15,47163035.0,14.25,-33437256.0,-10.11,-10006059.0,-3.02,-3719720.0,-1.12,27398.0,0.379,0.38,12803840000.0,4865459200,4865459200,2026-07-06,2026-07-06 15:34:51+08:00
510900,恒生中国企业ETF易方达,0.966,0.9729,0.71,0.01,1.05,1868967.0,180333359.0,0.956,0.973,0.95,0.956,2.41,5.43,1.11,52.89,868502.0,1000466.0,5286614.0,2.93,14966864.0,8.3,-9680250.0,-5.37,-3607402.0,-2.0,-1679211.0,-0.93,-2726.0,0.966,0.967,3445021904.0,3327891159,3327891159,2026-07-06,2026-07-06 16:11:37+08:00
560120,中证500现金流ETF华夏,1.162,1.1601,-0.16,0.012,1.04,174417.0,20136196.0,1.147,1.163,1.143,1.15,1.74,2.98,0.66,1.76,88334.0,86083.0,239566.0,1.19,1300205.0,6.46,-1060639.0,-5.27,-273269.0,-1.36,33701.0,0.17,-778.0,1.16,1.162,585689008.0,680570627,680570627,2026-07-06,2026-07-06 16:11:56+08:00
159126,港股通50ETF南方,0.876,0.8761,0.01,0.009,1.04,89962.0,7844179.522,0.867,0.877,0.863,0.867,1.61,3.39,0.79,-61.6,49681.0,40281.0,434331.0,5.54,496302.0,6.33,-61971.0,-0.79,-437359.0,-5.58,3027.0,0.04,968.0,0.873,0.876,265616546.0,232680094,232680094,2026-07-06,2026-07-06 15:34:54+08:00
159835,创新药ETF建信,0.677,0.6769,-0.01,0.007,1.04,670990.0,45965089.1,0.666,0.704,0.658,0.67,6.87,14.45,1.15,-18.41,354498.0,316492.0,2175904.0,4.73,523601.0,1.14,1652303.0,3.59,-940004.0,-2.05,-1235901.0,-2.69,1632.0,0.676,0.677,464504144.0,314469305,314469305,2026-07-06,2026-07-06 15:34:42+08:00
159837,生物科技ETF易方达,0.486,0.4867,0.14,0.005,1.04,1446013.0,71022256.8,0.48,0.501,0.475,0.481,5.41,4.57,1.02,-38.13,853460.0,592553.0,6363225.0,8.96,9318418.0,13.12,-2955193.0,-4.16,-4404944.0,-6.2,-1958279.0,-2.76,-4188.0,0.486,0.487,3163152832.0,1537292276,1537292276,2026-07-06,2026-07-06 15:34:57+08:00
589210,科创芯片设计ETF广发,1.764,1.7622,-0.1,0.018,1.03,333542.0,59194064.0,1.785,1.814,1.688,1.746,7.22,5.45,0.54,15.08,166687.0,166855.0,-631816.0,-1.07,-1711789.0,-2.89,1079973.0,1.82,134577.0,0.23,497239.0,0.84,-485.0,1.761,1.764,612469008.0,1080395330,1080395330,2026-07-06,2026-07-06 16:11:47+08:00
159281,港股央企红利ETF天弘,0.881,0.8846,0.41,0.009,1.03,1018324.0,89521214.5,0.871,0.884,0.871,0.872,1.49,34.73,0.94,-7.07,575277.0,443047.0,-362002.0,-0.4,-2833548.0,-3.17,2471546.0,2.76,230002.0,0.26,131999.0,0.15,22.0,0.88,0.881,293233056.0,258338322,258338322,2026-07-06,2026-07-06 15:34:42+08:00
159202,恒生互联网ETF万家,0.786,0.7882,0.28,0.008,1.03,2281827.0,178883621.05,0.773,0.794,0.764,0.778,3.86,20.51,1.57,-11.45,1136439.0,1145388.0,1767513.0,0.99,-1165623.0,-0.65,2933136.0,1.64,-736662.0,-0.41,-1030850.0,-0.58,3229.0,0.785,0.786,1112401904.0,874347897,874347897,2026-07-06,2026-07-06 15:34:03+08:00
159127,港股通红利ETF南方,0.883,0.8854,0.27,0.009,1.03,197739.0,17437309.06,0.88,0.886,0.875,0.874,1.26,10.2,1.08,4.36,121642.0,76097.0,-385727.0,-2.21,-1515202.0,-8.69,1129475.0,6.48,256412.0,1.47,129315.0,0.74,-3524.0,0.884,0.885,193844268.0,171164489,171164489,2026-07-06,2026-07-06 15:34:15+08:00
516930,生物科技ETF民生加银,0.491,0.4907,-0.06,0.005,1.03,34937.0,1736675.0,0.485,0.506,0.481,0.486,5.14,3.12,1.07,-4.04,18219.0,16718.0,86116.0,4.96,228229.0,13.14,-142113.0,-8.18,-13601.0,-0.78,-72515.0,-4.18,10.0,0.49,0.491,112139600.0,55060544,55060544,2026-07-06,2026-07-06 16:11:34+08:00
159151,食品ETF华夏,0.894,0.8932,-0.09,0.009,1.02,122337.0,10911766.0,0.883,0.897,0.881,0.885,1.81,9.15,0.83,0.94,70538.0,51799.0,173699.0,1.59,0.0,0.0,173699.0,1.59,-147456.0,-1.35,-26243.0,-0.24,220.0,0.893,0.894,133651063.0,119484050,119484050,2026-07-06,2026-07-06 15:34:30+08:00
159235,中证现金流ETF大成,1.185,1.182,-0.25,0.012,1.02,608164.0,71761905.686,1.172,1.186,1.168,1.173,1.53,2.99,0.75,42.57,303717.0,304447.0,-311504.0,-0.43,2374071.0,3.31,-2685575.0,-3.74,152903.0,0.21,158602.0,0.22,105.0,1.183,1.185,2030729552.0,2406414519,2406414519,2026-07-06,2026-07-06 15:34:39+08:00
588780,科创芯片设计ETF国联安,1.283,1.2816,-0.11,0.013,1.02,2692209.0,343457512.0,1.299,1.305,1.224,1.27,6.38,28.89,1.02,-6.2,1208533.0,1483676.0,-623096.0,-0.18,19935882.0,5.8,-20558978.0,-5.99,-1252886.0,-0.36,1875982.0,0.55,-5978.0,1.283,1.284,931902000.0,1195630266,1195630266,2026-07-06,2026-07-06 16:11:38+08:00
560330,沪深300价值ETF申万菱信,1.187,1.1875,0.04,0.012,1.02,461.0,54407.0,1.175,1.187,1.171,1.175,1.36,0.27,0.08,-7.95,407.0,54.0,342.0,0.63,0.0,0.0,342.0,0.63,235.0,0.43,-578.0,-1.06,3.0,1.185,1.187,17130000.0,20333310,20333310,2026-07-06,2026-07-06 16:11:44+08:00
516060,创新药ETF工银,0.601,0.6023,0.22,0.006,1.01,485013.0,29641932.0,0.591,0.625,0.585,0.595,6.72,14.51,1.45,18.05,244525.0,240488.0,-1806329.0,-6.09,-1204443.0,-4.06,-601886.0,-2.03,1742208.0,5.88,64121.0,0.22,-5189.0,0.6,0.601,334237408.0,200876682,200876682,2026-07-06,2026-07-06 16:11:34+08:00
159858,创新药ETF南方,0.698,0.6958,-0.32,0.007,1.01,1070919.0,75438813.4,0.691,0.726,0.678,0.691,6.95,11.88,1.24,-25.06,522972.0,547947.0,-3406175.0,-4.52,-628506.0,-0.83,-2777669.0,-3.68,2415755.0,3.2,990420.0,1.31,2341.0,0.697,0.698,901098320.0,628966627,628966627,2026-07-06,2026-07-06 15:34:48+08:00
159221,现金流ETF嘉实,1.103,1.1044,0.13,0.011,1.01,275954.0,30345107.5,1.092,1.105,1.087,1.092,1.65,2.48,0.42,-10.79,143740.0,132214.0,-1161970.0,-3.83,-4668178.0,-15.38,3506208.0,11.55,913043.0,3.01,248928.0,0.82,1140.0,1.1,1.105,1113013232.0,1227653595,1227653595,2026-07-06,2026-07-06 15:34:15+08:00
589130,科创芯片ETF易方达,1.742,1.7286,-0.78,0.017,0.99,1245713.0,215685054.0,1.754,1.768,1.663,1.725,6.09,4.27,0.77,-36.02,696067.0,549646.0,-4887212.0,-2.27,4649905.0,2.16,-9537117.0,-4.42,3406513.0,1.58,1480698.0,0.69,-3607.0,1.742,1.743,2918780000.0,5084514760,5084514760,2026-07-06,2026-07-06 16:11:45+08:00
563850,食品ETF广发,0.92,0.9198,-0.02,0.009,0.99,16174.0,1484163.0,0.911,0.922,0.909,0.911,1.43,1.88,0.8,3.8,8271.0,7903.0,231646.0,15.61,459500.0,30.96,-227854.0,-15.35,-181503.0,-12.23,-50144.0,-3.38,6.0,0.919,0.92,86081700.0,79195164,79195164,2026-07-06,2026-07-06 16:11:34+08:00
589360,科创50ETF国泰,1.035,1.0261,-0.87,0.01,0.98,480154.0,49055160.0,1.027,1.046,0.994,1.025,5.07,22.01,0.88,0.81,219239.0,260915.0,-3806384.0,-7.76,-367434.0,-0.75,-3438950.0,-7.01,2305719.0,4.7,1500666.0,3.06,-4990.0,1.035,1.037,218174000.0,225810090,225810090,2026-07-06,2026-07-06 16:11:38+08:00
515950,医药50ETF富国,0.93,0.928,-0.22,0.009,0.98,347120.0,32550225.0,0.92,0.953,0.909,0.921,4.78,5.63,1.59,2.49,211329.0,135791.0,4227007.0,12.99,7822055.0,24.03,-3595048.0,-11.04,-1490963.0,-4.58,-2736043.0,-8.41,-660.0,0.928,0.93,616200608.0,573066565,573066565,2026-07-06,2026-07-06 16:11:44+08:00
516980,证券先锋ETF华富,1.13,1.1287,-0.12,0.011,0.98,76500.0,8581527.0,1.139,1.142,1.114,1.119,2.5,11.5,0.88,-31.86,48311.0,28189.0,456412.0,5.32,-32456.0,-0.38,488868.0,5.7,-664841.0,-7.75,208431.0,2.43,-250.0,1.129,1.13,66516000.0,75163080,75163080,2026-07-06,2026-07-06 16:11:40+08:00
159510,沪深300价值ETF华夏,1.231,1.2306,-0.03,0.012,0.98,31382.0,3844727.7,1.219,1.231,1.218,1.219,1.07,5.13,0.76,12.75,13447.0,17935.0,515183.0,13.4,0.0,0.0,515183.0,13.4,-498210.0,-12.96,-16973.0,-0.44,2.0,1.227,1.231,61128342.0,75248989,75248989,2026-07-06,2026-07-06 15:34:33+08:00
588260,科创信息ETF华安,3.104,3.074,-0.98,0.03,0.98,19849.0,6111530.0,3.084,3.147,2.965,3.074,5.92,4.54,0.67,-8.45,11357.0,8492.0,668877.0,10.94,358392.0,5.86,310485.0,5.08,-737112.0,-12.06,68235.0,1.12,-10.0,3.104,3.105,43746000.0,135787584,135787584,2026-07-06,2026-07-06 16:11:32+08:00
510810,上海国企ETF汇添富,0.836,0.8374,0.17,0.008,0.97,32520.0,2704180.0,0.828,0.837,0.82,0.828,2.05,0.05,0.46,8.63,17494.0,15026.0,264086.0,9.77,-25458.0,-0.94,289544.0,10.71,-176876.0,-6.54,-87209.0,-3.22,40.0,0.836,0.837,6061593600.0,5067492250,5067492250,2026-07-06,2026-07-06 16:11:48+08:00
159229,自由现金流ETF广发,1.142,1.1403,-0.15,0.011,0.97,172116.0,19592210.7,1.137,1.144,1.125,1.131,1.68,11.63,0.58,-1.24,51354.0,120762.0,-1936680.0,-9.88,-1138395.0,-5.81,-798285.0,-4.07,-2864144.0,-14.62,4800824.0,24.5,-17.0,1.142,1.145,148056022.0,169079977,169079977,2026-07-06,2026-07-06 15:34:15+08:00
517090,央企共赢ETF国泰,1.45,1.4501,0.01,0.014,0.97,32608.0,4699786.0,1.437,1.451,1.431,1.436,1.39,5.25,0.7,4.88,16456.0,16152.0,-708935.0,-15.08,0.0,0.0,-708935.0,-15.08,613367.0,13.05,95568.0,2.03,-5.0,1.45,1.451,62075000.0,90008750,90008750,2026-07-06,2026-07-06 16:11:57+08:00
159862,食品饮料ETF银华,0.521,0.5216,0.12,0.005,0.97,68503.0,3567137.005,0.518,0.525,0.512,0.516,2.52,1.99,1.1,-11.21,33566.0,34937.0,-587442.0,-16.47,-612546.0,-17.17,25104.0,0.7,-44773.0,-1.26,632215.0,17.72,286.0,0.52,0.521,345000624.0,179745325,179745325,2026-07-06,2026-07-06 15:34:12+08:00
563590,A500红利低波动ETF国寿,0.935,0.9344,-0.06,0.009,0.97,514.0,47808.0,0.926,0.935,0.926,0.926,0.97,0.07,0.24,-10.43,311.0,203.0,46968.0,98.24,0.0,0.0,46968.0,98.24,0.0,0.0,-46967.0,-98.24,2.0,0.932,0.935,68944400.0,64463014,64463014,2026-07-06,2026-07-06 16:11:52+08:00
159119,800现金流ETF招商,0.936,0.9338,-0.24,0.009,0.97,107391.0,10014919.262,0.929,0.936,0.925,0.927,1.19,6.67,0.99,18.83,51409.0,55982.0,-1838180.0,-18.35,-373740.0,-3.73,-1464440.0,-14.62,-450974.0,-4.5,2289155.0,22.86,-33.0,0.936,0.937,161054229.0,150746758,150746758,2026-07-06,2026-07-06 15:34:06+08:00
520940,港股通恒生ETF华安,0.937,0.9423,0.56,0.009,0.97,125870.0,11775975.0,0.945,0.945,0.924,0.928,2.26,54.03,1.46,14.23,62759.0,63111.0,-47439.0,-0.4,262234.0,2.23,-309673.0,-2.63,122939.0,1.04,-75501.0,-0.64,-6.0,0.935,0.937,23297000.0,21829289,21829289,2026-07-06,2026-07-06 16:11:33+08:00
517360,沪港深科技ETF华安,0.951,0.9552,0.44,0.009,0.96,6392.0,613958.0,0.984,0.985,0.943,0.942,4.46,2.55,0.58,-4.98,3555.0,2837.0,37826.0,6.16,0.0,0.0,37826.0,6.16,-50185.0,-8.17,12359.0,2.01,-17.0,0.951,0.955,25083000.0,23853933,23853933,2026-07-06,2026-07-06 16:11:39+08:00
159296,A500红利低波ETF华宝,0.947,0.9488,0.19,0.009,0.96,39142.0,3688849.39,0.929,0.949,0.929,0.938,2.13,8.69,1.17,-32.52,18997.0,20145.0,82724.0,2.24,0.0,0.0,82724.0,2.24,-47251.0,-1.28,-35471.0,-0.96,-1.0,0.946,0.949,45042941.0,42655665,42655665,2026-07-06,2026-07-06 15:34:00+08:00
520960,恒指港股通ETF嘉实,0.853,0.8576,0.54,0.008,0.95,54601.0,4638502.0,0.845,0.855,0.845,0.845,1.18,8.2,1.8,-10.87,28080.0,26521.0,79257.0,1.71,0.0,0.0,79257.0,1.71,-43429.0,-0.94,-35829.0,-0.77,50.0,0.85,0.853,66603400.0,56812700,56812700,2026-07-06,2026-07-06 16:11:55+08:00
159929,医药ETF汇添富,1.304,1.3052,0.09,0.012,0.93,1336587.0,175551532.317,1.283,1.334,1.277,1.292,4.41,7.49,1.17,13.55,735283.0,601304.0,22744061.0,12.96,31047378.0,17.69,-8303317.0,-4.73,-11525080.0,-6.57,-11218981.0,-6.39,-2740.0,1.304,1.305,1783704208.0,2325950287,2325950287,2026-07-06,2026-07-06 15:34:18+08:00
159992,创新药ETF银华,0.87,0.8686,-0.16,0.008,0.93,23763685.0,2094975683.812,0.857,0.906,0.846,0.862,6.96,11.64,1.24,0.7,12591519.0,11172166.0,156567616.0,7.47,202367472.0,9.66,-45799856.0,-2.19,-112920848.0,-5.39,-43646770.0,-2.08,76871.0,0.869,0.87,20418581248.0,17764165686,17764165686,2026-07-06,2026-07-06 15:34:33+08:00
159599,芯片ETF东财,3.623,3.6247,0.05,0.033,0.92,935656.0,336764574.014,3.678,3.689,3.46,3.59,6.38,14.51,0.83,81.14,446171.0,489485.0,-12059201.0,-3.58,-18802305.0,-5.58,6743104.0,2.0,-2825848.0,-0.84,14885049.0,4.42,-6541.0,3.623,3.624,644822064.0,2336190338,2336190338,2026-07-06,2026-07-06 15:34:42+08:00
159109,恒生50ETF景顺,0.765,0.765,0.0,0.007,0.92,436875.0,33528042.5,0.764,0.774,0.754,0.758,2.64,5.46,0.93,5.97,277343.0,159532.0,-11138838.0,-33.22,-922005.0,-2.75,-10216833.0,-30.47,10863429.0,32.4,275409.0,0.82,-111.0,0.765,0.767,800163856.0,612125350,612125350,2026-07-06,2026-07-06 15:34:48+08:00
562860,疫苗ETF嘉实,0.661,0.661,0.0,0.006,0.92,366106.0,24379834.0,0.651,0.679,0.647,0.655,4.89,10.68,1.84,22.51,200567.0,165539.0,107132.0,0.44,-1540731.0,-6.32,1647863.0,6.76,-848464.0,-3.48,741334.0,3.04,-5062.0,0.66,0.661,342895008.0,226653600,226653600,2026-07-06,2026-07-06 16:11:37+08:00
159519,港股国企ETF国泰,1.651,1.6558,0.29,0.015,0.92,467580.0,76997035.5,1.64,1.655,1.639,1.636,0.98,71.76,0.93,32.45,238971.0,228609.0,1672853.0,2.17,-269056.0,-0.35,1941909.0,2.52,-1102842.0,-1.43,-570011.0,-0.74,-230.0,1.651,1.653,65157854.0,107575617,107575617,2026-07-06,2026-07-06 15:34:09+08:00
159220,港股通红利低波ETF华宝,0.551,0.5489,-0.38,0.005,0.92,343405.0,18921199.6,0.549,0.555,0.547,0.546,1.47,7.34,0.62,-8.64,153855.0,189550.0,109234.0,0.58,724934.0,3.83,-615700.0,-3.25,-307791.0,-1.63,198556.0,1.05,498.0,0.55,0.551,467569520.0,257630806,257630806,2026-07-06,2026-07-06 15:34:12+08:00
520720,港股汽车ETF国泰,0.777,0.7777,0.09,0.007,0.91,444291.0,34579277.0,0.775,0.79,0.772,0.77,2.34,34.19,1.04,6.19,218587.0,225704.0,-470975.0,-1.36,-1035315.0,-2.99,564340.0,1.63,707879.0,2.05,-236905.0,-0.69,-3276.0,0.775,0.777,129942000.0,100964934,100964934,2026-07-06,2026-07-06 16:11:40+08:00
560130,食品ETF鹏华,0.892,0.8944,0.27,0.008,0.9,2255.0,201434.0,0.911,0.911,0.872,0.884,4.41,0.31,0.33,10.63,1323.0,932.0,-22195.0,-11.02,0.0,0.0,-22195.0,-11.02,29639.0,14.71,-7444.0,-3.7,-237.0,0.893,0.895,71776200.0,64024370,64024370,2026-07-06,2026-07-06 16:11:37+08:00
513600,恒生指数ETF南方,2.571,2.586,0.58,0.023,0.9,809389.0,207767568.0,2.554,2.586,2.536,2.548,1.96,14.15,1.26,32.05,381865.0,427524.0,9482833.0,4.56,7638460.0,3.68,1844373.0,0.89,-6863503.0,-3.3,-2619330.0,-1.26,-1197.0,2.57,2.571,571829504.0,1470173655,1470173655,2026-07-06,2026-07-06 16:11:54+08:00
560420,食品ETF前海开源,0.901,0.9044,0.38,0.008,0.9,15716.0,1413553.0,0.893,0.908,0.893,0.893,1.68,1.04,0.45,8.44,6561.0,9155.0,-319618.0,-22.61,0.0,0.0,-319618.0,-22.61,335731.0,23.75,-16113.0,-1.14,-25.0,0.901,0.902,151780200.0,136753960,136753960,2026-07-06,2026-07-06 16:11:49+08:00
563760,全指现金流ETF中银,1.123,1.123,0.0,0.01,0.9,762015.0,85442351.0,1.114,1.126,1.114,1.113,1.08,9.23,0.96,-14.85,375628.0,386387.0,-925033.0,-1.08,1565484.0,1.83,-2490517.0,-2.91,358567.0,0.42,566466.0,0.66,-10.0,1.121,1.123,825913200.0,927500524,927500524,2026-07-06,2026-07-06 16:11:57+08:00
159960,恒生中国企业ETF平安,0.787,0.7886,0.2,0.007,0.9,122727.0,9675244.2,0.781,0.794,0.778,0.78,2.05,7.15,0.76,65.01,59386.0,63341.0,58709.0,0.61,0.0,0.0,58709.0,0.61,64209.0,0.66,-122918.0,-1.27,-381.0,0.787,0.792,171573960.0,135028707,135028707,2026-07-06,2026-07-06 15:34:00+08:00
513000,日经225ETF易方达,2.478,2.3057,-7.47,0.022,0.9,1341532.0,327534059.0,2.461,2.483,2.396,2.456,3.54,13.65,1.16,37.6,717461.0,624071.0,-14610479.0,-4.46,3677187.0,1.12,-18287666.0,-5.58,5150867.0,1.57,9459612.0,2.89,-13388.0,2.478,2.479,982911408.0,2435654469,2435654469,2026-07-06,2026-07-06 16:11:51+08:00
588750,科创芯片ETF汇添富,2.93,2.9129,-0.59,0.026,0.9,3032606.0,892274622.0,2.953,2.98,2.795,2.904,6.37,11.23,1.11,24.26,1331725.0,1700881.0,-910810.0,-0.1,31408176.0,3.52,-32318986.0,-3.62,-1113767.0,-0.12,2024569.0,0.23,-4479.0,2.93,2.931,2701228000.0,7914598040,7914598040,2026-07-06,2026-07-06 16:12:00+08:00
526070,恒指港股通ETF博时,0.922,0.9278,0.63,0.008,0.88,64506.0,5942481.0,0.929,0.931,0.914,0.914,1.86,6.62,0.81,-16.88,33896.0,30610.0,611340.0,10.29,175972.0,2.96,435368.0,7.33,-593301.0,-9.98,-18040.0,-0.3,-900.0,0.919,0.923,97377000.0,89781594,89781594,2026-07-06,2026-07-06 16:11:45+08:00
159233,自由现金流ETF平安,1.146,1.1467,0.06,0.01,0.88,245622.0,28091394.5,1.139,1.15,1.134,1.136,1.41,5.2,0.72,42.59,132230.0,113392.0,257124.0,0.92,384563.0,1.37,-127439.0,-0.45,561396.0,2.0,-818521.0,-2.91,5.0,1.143,1.147,472623424.0,541626444,541626444,2026-07-06,2026-07-06 15:34:27+08:00
