代码,名称,最新价,IOPV实时估值,基金折价率,涨跌额,涨跌幅,成交量,成交额,开盘价,最高价,最低价,昨收,振幅,换手率,量比,委比,外盘,内盘,主力净流入-净额,主力净流入-净占比,超大单净流入-净额,超大单净流入-净占比,大单净流入-净额,大单净流入-净占比,中单净流入-净额,中单净流入-净占比,小单净流入-净额,小单净流入-净占比,现手,买一,卖一,最新份额,流通市值,总市值,数据日期,更新时间
560580,电力ETF南方,1.094,1.0819,-1.12,0.028,2.63,394793.0,42970242.0,1.063,1.099,1.063,1.066,3.38,9.14,4.39,22.83,206712.0,188081.0,-9406396.0,-21.89,-2313479.0,-5.38,-7092917.0,-16.51,4856140.0,11.3,4550255.0,10.59,-10014.0,1.094,1.095,432003008.0,472611291,472611291,2026-07-17,2026-07-17 16:11:40+08:00
513350,标普油气ETF富国,1.203,1.1812,-1.85,0.026,2.21,23242391.0,2806077726.0,1.206,1.228,1.18,1.177,4.08,286.33,1.22,-42.75,11826032.0,11416359.0,5697008.0,0.2,-11155168.0,-0.4,16852176.0,0.6,-13414608.0,-0.48,7717585.0,0.28,-121241.0,1.203,1.204,811746000.0,976530438,976530438,2026-07-17,2026-07-17 16:11:50+08:00
159611,电力ETF广发,1.033,1.0294,-0.35,0.022,2.18,10282220.0,1061168069.551,1.01,1.044,1.01,1.011,3.36,11.46,2.44,72.08,6201246.0,4080974.0,-37669136.0,-3.55,-51895936.0,-4.89,14226800.0,1.34,23466857.0,2.21,14202276.0,1.34,111051.0,1.032,1.033,8971962880.0,9268037655,9268037655,2026-07-17,2026-07-17 15:34:57+08:00
560930,电力ETF易方达,0.873,0.8675,-0.63,0.017,1.99,401463.0,35065131.0,0.855,0.883,0.853,0.856,3.5,19.58,5.0,33.53,205333.0,196130.0,-4116748.0,-11.74,-6376442.0,-18.18,2259694.0,6.44,1803423.0,5.14,2313326.0,6.6,-5602.0,0.873,0.874,205024000.0,178985952,178985952,2026-07-17,2026-07-17 16:12:00+08:00
560270,电力ETF工银,0.937,0.9329,-0.44,0.018,1.96,347075.0,32547596.0,0.919,0.946,0.919,0.919,2.94,18.67,2.5,14.44,199920.0,147155.0,23539.0,0.07,1467573.0,4.51,-1444034.0,-4.44,56369.0,0.17,-79908.0,-0.25,-1788.0,0.935,0.937,185939000.0,174224843,174224843,2026-07-17,2026-07-17 16:11:41+08:00
159158,电力ETF景顺,0.992,0.9867,-0.54,0.019,1.95,709255.0,70338430.471,0.974,1.001,0.968,0.973,3.39,6.71,2.4,-8.06,348460.0,360794.0,-4600606.0,-6.54,-4995010.0,-7.1,394404.0,0.56,2792937.0,3.97,1807668.0,2.57,2921.0,0.991,0.992,1056535344.0,1048083061,1048083061,2026-07-17,2026-07-17 15:34:54+08:00
159146,电力ETF华宝,1.0,0.9967,-0.33,0.019,1.94,492959.0,49261978.972,0.977,1.009,0.977,0.981,3.26,6.39,1.01,0.53,274028.0,218931.0,1776156.0,3.61,-575381.0,-1.17,2351537.0,4.77,-1447278.0,-2.94,-328879.0,-0.67,2220.0,0.999,1.0,770940848.0,770940848,770940848,2026-07-17,2026-07-17 15:34:45+08:00
512140,电力ETF华安,0.909,0.904,-0.55,0.017,1.91,277470.0,25214918.0,0.893,0.915,0.892,0.892,2.58,16.71,1.79,-0.26,145793.0,131677.0,-1182470.0,-4.69,362850.0,1.44,-1545320.0,-6.13,956537.0,3.79,225933.0,0.9,-1771.0,0.908,0.909,166049000.0,150938541,150938541,2026-07-17,2026-07-17 16:11:39+08:00
561170,绿色电力ETF富国,1.13,1.1267,-0.29,0.021,1.89,569506.0,64422318.0,1.107,1.142,1.107,1.109,3.16,10.69,1.81,-2.84,295331.0,274175.0,-1605569.0,-2.49,1727532.0,2.68,-3333101.0,-5.17,-283317.0,-0.44,1888887.0,2.93,-439.0,1.13,1.131,532532704.0,601761956,601761956,2026-07-17,2026-07-17 16:11:41+08:00
159625,绿色电力ETF嘉实,1.194,1.1884,-0.47,0.022,1.88,881554.0,105131763.8,1.165,1.203,1.165,1.172,3.24,4.08,1.79,38.03,480565.0,400989.0,-12607214.0,-11.99,2880955.0,2.74,-15488169.0,-14.73,13630024.0,12.96,-1022811.0,-0.97,5841.0,1.193,1.194,2160513776.0,2579653449,2579653449,2026-07-17,2026-07-17 15:34:15+08:00
560480,电力ETF招商,0.887,0.8824,-0.52,0.016,1.84,256358.0,22752770.0,0.865,0.896,0.865,0.871,3.56,17.64,2.31,-31.28,143160.0,113198.0,-627870.0,-2.76,619308.0,2.72,-1247178.0,-5.48,783680.0,3.44,-155809.0,-0.68,-2575.0,0.886,0.887,145303000.0,128883761,128883761,2026-07-17,2026-07-17 16:11:57+08:00
560830,电力ETF华夏,0.89,0.8861,-0.44,0.016,1.83,491619.0,43801477.0,0.874,0.898,0.871,0.874,3.09,6.56,2.32,-18.32,292777.0,198842.0,-2509479.0,-5.73,-2661560.0,-6.08,152081.0,0.35,1711675.0,3.91,797803.0,1.82,-2406.0,0.89,0.891,749519008.0,667071917,667071917,2026-07-17,2026-07-17 16:11:46+08:00
560460,电力ETF平安,0.891,0.8876,-0.38,0.016,1.83,193330.0,17240845.0,0.875,0.9,0.872,0.875,3.2,6.08,2.72,17.76,100119.0,93211.0,-198076.0,-1.15,-2702015.0,-15.67,2503939.0,14.52,-285297.0,-1.65,483374.0,2.8,-162.0,0.891,0.893,318037008.0,283370974,283370974,2026-07-17,2026-07-17 16:11:44+08:00
562550,绿电ETF华夏,1.126,1.1205,-0.49,0.02,1.81,1491251.0,167627574.0,1.1,1.134,1.1,1.106,3.07,9.19,1.51,-4.2,783554.0,707697.0,-5004820.0,-2.99,1234973.0,0.74,-6239793.0,-3.72,495241.0,0.3,4509579.0,2.69,-12021.0,1.125,1.126,1622919296.0,1827407127,1827407127,2026-07-17,2026-07-17 16:11:49+08:00
159159,公用事业ETF国投瑞银,0.999,0.9968,-0.22,0.017,1.73,101148.0,10126467.202,0.982,1.007,0.982,0.982,2.55,8.07,2.49,22.45,56740.0,44408.0,-242647.0,-2.4,-745395.0,-7.36,502748.0,4.96,183054.0,1.81,59594.0,0.59,-103.0,0.999,1.0,125318582.0,125193263,125193263,2026-07-17,2026-07-17 15:34:15+08:00
159301,公用事业ETF华夏,0.958,0.9531,-0.51,0.016,1.7,301735.0,28900754.2,0.941,0.965,0.94,0.942,2.65,25.15,1.37,1.6,188183.0,113552.0,-6042420.0,-20.91,-5420909.0,-18.76,-621511.0,-2.15,-840067.0,-2.91,6882487.0,23.81,-223.0,0.958,0.959,119958357.0,114920106,114920106,2026-07-17,2026-07-17 15:34:48+08:00
561560,电力ETF华泰柏瑞,1.255,1.2479,-0.57,0.021,1.7,1107249.0,138693363.0,1.226,1.264,1.222,1.234,3.4,5.26,1.92,-9.67,659286.0,447963.0,-13223959.0,-9.53,-11954930.0,-8.62,-1269029.0,-0.91,5234276.0,3.77,7989682.0,5.76,-11934.0,1.255,1.256,2106124208.0,2643185881,2643185881,2026-07-17,2026-07-17 16:11:41+08:00
516370,电力ETF汇添富,0.91,0.9065,-0.39,0.015,1.68,460861.0,42035872.0,0.895,0.921,0.889,0.895,3.58,14.66,2.7,-2.58,251438.0,209423.0,-2329350.0,-5.54,-5368323.0,-12.77,3038973.0,7.23,769795.0,1.83,1559555.0,3.71,-4442.0,0.909,0.91,314408000.0,286111280,286111280,2026-07-17,2026-07-17 16:11:57+08:00
159518,标普油气ETF嘉实,1.125,1.1258,0.07,0.018,1.63,5847520.0,658441071.5,1.127,1.134,1.115,1.107,1.72,35.65,0.81,-58.3,2982250.0,2865270.0,8476891.0,1.29,12482779.0,1.9,-4005888.0,-0.61,-1964267.0,-0.3,-6512622.0,-0.99,43476.0,1.124,1.125,1640325376.0,1845366048,1845366048,2026-07-17,2026-07-17 15:34:18+08:00
560190,公用事业ETF鹏华,1.009,1.005,-0.4,0.016,1.61,28114.0,2837612.0,1.005,1.017,1.001,0.993,1.61,15.33,2.68,3.33,10008.0,18106.0,-48326.0,-1.7,-234622.0,-8.27,186296.0,6.57,117545.0,4.14,-69218.0,-2.44,-10.0,1.01,1.011,18334000.0,18499006,18499006,2026-07-17,2026-07-17 16:11:36+08:00
562350,电力ETF银华,1.086,1.0809,-0.47,0.017,1.59,316576.0,34424420.0,1.06,1.096,1.055,1.069,3.84,22.39,2.27,-12.84,186535.0,130041.0,-4241618.0,-12.32,-1426950.0,-4.15,-2814668.0,-8.18,2362355.0,6.86,1879264.0,5.46,-3241.0,1.086,1.087,141410900.0,153572237,153572237,2026-07-17,2026-07-17 16:11:34+08:00
159669,绿色电力ETF国泰,1.093,1.0921,-0.08,0.017,1.58,101917.0,11146381.0,1.064,1.106,1.06,1.076,4.28,4.91,2.49,17.07,58593.0,43324.0,594919.0,5.34,-11560.0,-0.1,606479.0,5.44,-563292.0,-5.05,-31627.0,-0.28,-302.0,1.093,1.094,207754781.0,227075976,227075976,2026-07-17,2026-07-17 15:34:36+08:00
159046,绿电ETF天弘,0.9,0.9012,0.13,0.014,1.58,218803.0,19720099.107,0.884,0.911,0.884,0.886,3.05,4.99,1.26,4.28,118884.0,99919.0,-458936.0,-2.33,0.0,0.0,-458936.0,-2.33,175782.0,0.89,283154.0,1.44,20.0,0.899,0.9,438476848.0,394629163,394629163,2026-07-17,2026-07-17 15:34:12+08:00
159061,绿色电力ETF南方,0.912,0.9121,0.01,0.014,1.56,92223.0,8425692.635,0.898,0.923,0.898,0.898,2.78,4.02,1.47,7.62,54689.0,37534.0,-238999.0,-2.84,0.0,0.0,-238999.0,-2.84,245276.0,2.91,-6277.0,-0.07,-569.0,0.912,0.914,229640230.0,209431890,209431890,2026-07-17,2026-07-17 15:34:15+08:00
560450,电力ETF天弘,0.923,0.9205,-0.27,0.014,1.54,287562.0,26580769.0,0.909,0.933,0.908,0.909,2.75,9.66,1.3,-1.14,183910.0,103652.0,1914724.0,7.2,579651.0,2.18,1335073.0,5.02,-1602193.0,-6.03,-312532.0,-1.18,-532.0,0.923,0.924,297569008.0,274656194,274656194,2026-07-17,2026-07-17 16:11:41+08:00
562960,绿色电力ETF易方达,1.126,1.1222,-0.34,0.017,1.53,604897.0,68126944.0,1.109,1.137,1.1,1.109,3.34,4.9,1.73,-18.19,356620.0,248277.0,3456483.0,5.07,517624.0,0.76,2938859.0,4.31,-3260096.0,-4.79,-196388.0,-0.29,-2699.0,1.126,1.127,1233891008.0,1389361275,1389361275,2026-07-17,2026-07-17 16:11:48+08:00
560670,银行ETF华泰柏瑞,1.015,1.0128,-0.22,0.015,1.5,186744.0,18887846.0,1.0,1.016,1.0,1.0,1.6,25.24,1.24,-13.74,89530.0,97214.0,963339.0,5.1,1261060.0,6.68,-297721.0,-1.58,-954036.0,-5.05,-9304.0,-0.05,-4598.0,1.014,1.015,73974000.0,75083610,75083610,2026-07-17,2026-07-17 16:11:34+08:00
159067,绿色电力ETF鹏华,1.005,1.0075,0.25,0.014,1.41,342150.0,34364206.942,0.989,1.013,0.984,0.991,2.93,27.84,0.98,-77.43,214232.0,127918.0,1272555.0,3.7,1700032.0,4.95,-427477.0,-1.24,-1308287.0,-3.81,35733.0,0.1,133.0,1.003,1.005,122908737.0,123523281,123523281,2026-07-17,2026-07-17 15:34:18+08:00
561700,电力ETF博时,1.085,1.0843,-0.06,0.015,1.4,216697.0,23586749.0,1.066,1.1,1.065,1.07,3.27,6.08,3.07,18.86,126296.0,90401.0,-188693.0,-0.8,1196800.0,5.07,-1385493.0,-5.87,251283.0,1.07,-62590.0,-0.27,-2754.0,1.084,1.085,356313600.0,386600256,386600256,2026-07-17,2026-07-17 16:11:33+08:00
517090,央企共赢ETF国泰,1.522,1.5167,-0.35,0.02,1.33,72435.0,11002070.0,1.51,1.524,1.508,1.502,1.07,12.26,1.61,41.09,37805.0,34630.0,-290368.0,-2.64,1720333.0,15.64,-2010701.0,-18.28,359486.0,3.27,-69119.0,-0.63,-1793.0,1.522,1.523,59075000.0,89912150,89912150,2026-07-17,2026-07-17 16:11:59+08:00
560620,公用事业ETF万家,0.944,0.9406,-0.36,0.012,1.29,20804.0,1965161.0,0.933,0.952,0.933,0.932,2.04,7.89,7.57,-0.98,13392.0,7412.0,43492.0,2.21,0.0,0.0,43492.0,2.21,106746.0,5.43,-150238.0,-7.65,-758.0,0.943,0.944,26367000.0,24890448,24890448,2026-07-17,2026-07-17 16:11:44+08:00
159253,银行ETF博时,0.944,0.9433,-0.07,0.012,1.29,92921.0,8747864.449,0.931,0.946,0.931,0.932,1.61,1.53,1.86,-15.5,39682.0,53238.0,585082.0,6.69,-161421.0,-1.85,746503.0,8.53,-566569.0,-6.48,-18513.0,-0.21,24.0,0.943,0.944,607104976.0,573107097,573107097,2026-07-17,2026-07-17 15:34:39+08:00
516310,银行ETF易方达,1.312,1.3089,-0.24,0.015,1.16,3497907.0,458370976.0,1.296,1.316,1.296,1.297,1.54,15.73,1.79,-34.36,2987079.0,510828.0,2985398.0,0.65,17666426.0,3.85,-14681028.0,-3.2,-1258692.0,-0.27,-1726704.0,-0.38,-1668.0,1.312,1.313,2224158496.0,2918095947,2918095947,2026-07-17,2026-07-17 16:11:35+08:00
515020,银行ETF华夏,1.694,1.6881,-0.35,0.019,1.13,1435436.0,242585696.0,1.677,1.697,1.677,1.675,1.19,37.59,1.93,-1.87,1047671.0,387765.0,-7154268.0,-2.95,-104757875.0,-43.18,97603607.0,40.23,5843634.0,2.41,1310634.0,0.54,-1281.0,1.693,1.694,381845296.0,646845931,646845931,2026-07-17,2026-07-17 16:11:50+08:00
517180,中国国企ETF南方,1.443,1.4412,-0.12,0.016,1.12,83302.0,12010019.0,1.427,1.446,1.427,1.427,1.33,8.21,1.71,-40.3,44919.0,38383.0,-553529.0,-4.61,1455214.0,12.12,-2008743.0,-16.73,537544.0,4.48,15984.0,0.13,-223.0,1.443,1.445,101496300.0,146459161,146459161,2026-07-17,2026-07-17 16:11:56+08:00
512700,银行ETF南方,1.459,1.455,-0.27,0.016,1.11,1227574.0,178263351.0,1.445,1.462,1.444,1.443,1.25,16.86,1.65,39.43,718562.0,509012.0,-12425207.0,-6.97,-31576623.0,-17.71,19151416.0,10.74,15154255.0,8.5,-2729048.0,-1.53,-233.0,1.456,1.459,728081008.0,1062270191,1062270191,2026-07-17,2026-07-17 16:11:43+08:00
159887,银行ETF富国,1.291,1.2907,-0.02,0.014,1.1,1586765.0,204684676.255,1.278,1.297,1.277,1.277,1.57,24.36,2.67,61.13,1185159.0,401606.0,15709970.0,7.68,-64214899.0,-31.37,79924869.0,39.05,-10760715.0,-5.26,-4949255.0,-2.42,7160.0,1.29,1.291,651315952.0,840848894,840848894,2026-07-17,2026-07-17 15:34:36+08:00
512820,银行ETF汇添富,1.389,1.3867,-0.17,0.015,1.09,1596264.0,221598416.0,1.374,1.395,1.374,1.374,1.53,37.73,2.48,32.95,1193692.0,402572.0,10719341.0,4.84,-30165867.0,-13.61,40885208.0,18.45,-8733244.0,-3.94,-1986098.0,-0.9,-790.0,1.389,1.39,423101904.0,587688545,587688545,2026-07-17,2026-07-17 16:11:40+08:00
512730,银行ETF鹏华,1.621,1.6201,-0.06,0.016,1.0,107699.0,17425189.0,1.607,1.626,1.607,1.605,1.18,15.26,1.24,41.25,52681.0,55018.0,1172438.0,6.73,615204.0,3.53,557234.0,3.2,-745875.0,-4.28,-426562.0,-2.45,-940.0,1.619,1.621,70583900.0,114416502,114416502,2026-07-17,2026-07-17 16:11:46+08:00
515290,银行ETF天弘,1.42,1.4178,-0.16,0.014,1.0,3452955.0,490254325.0,1.403,1.425,1.403,1.406,1.56,11.02,2.62,8.79,3174310.0,278645.0,-10929059.0,-2.23,50481792.0,10.3,-61410851.0,-12.53,9234170.0,1.88,1694880.0,0.35,-814.0,1.419,1.42,3133672896.0,4449815512,4449815512,2026-07-17,2026-07-17 16:11:38+08:00
159332,央企红利ETF富国,1.141,1.1394,-0.14,0.011,0.97,51191.0,5827918.1,1.126,1.145,1.126,1.13,1.68,5.85,1.74,-67.67,14867.0,36324.0,751157.0,12.89,2192794.0,37.63,-1441637.0,-24.74,-667036.0,-11.45,-84122.0,-1.44,908.0,1.137,1.141,87521477.0,99862005,99862005,2026-07-17,2026-07-17 15:34:33+08:00
512530,沪深300红利ETF建信,1.56,1.5575,-0.16,0.015,0.97,53509.0,8339348.0,1.541,1.568,1.541,1.545,1.75,5.22,1.12,-11.55,24784.0,28725.0,108407.0,1.3,-36550.0,-0.44,144957.0,1.74,-73880.0,-0.89,-34526.0,-0.41,-188.0,1.56,1.562,102502000.0,159903120,159903120,2026-07-17,2026-07-17 16:11:52+08:00
515300,300红利低波ETF嘉实,1.274,1.2706,-0.27,0.012,0.95,835133.0,106208493.0,1.262,1.276,1.261,1.262,1.19,2.15,0.91,-85.9,497939.0,337194.0,4245409.0,4.0,-106722.0,-0.1,4352131.0,4.1,-2774595.0,-2.61,-1470815.0,-1.38,-798.0,1.273,1.274,3893175200.0,4959905205,4959905205,2026-07-17,2026-07-17 16:11:46+08:00
159021,大盘价值ETF华夏,0.965,0.963,-0.21,0.009,0.94,53683.0,5166474.081,0.956,0.965,0.955,0.956,1.05,3.0,1.25,-98.27,30967.0,22716.0,518146.0,10.03,209994.0,4.06,308152.0,5.96,-357189.0,-6.91,-160958.0,-3.12,5.0,0.956,0.965,178907712.0,172645942,172645942,2026-07-17,2026-07-17 15:34:57+08:00
512800,银行ETF华宝,0.789,0.7899,0.11,0.007,0.9,24588320.0,1943623465.0,0.784,0.794,0.783,0.782,1.41,16.34,1.89,-41.98,18037636.0,6550684.0,55815187.0,2.87,205840592.0,10.59,-150025405.0,-7.72,-28170594.0,-1.45,-27644580.0,-1.42,-113961.0,0.789,0.79,15046479872.0,11871672619,11871672619,2026-07-17,2026-07-17 16:11:39+08:00
515450,红利低波50ETF南方,1.396,1.3943,-0.12,0.012,0.87,1586632.0,221578706.0,1.385,1.402,1.385,1.384,1.23,1.1,1.02,-5.73,854188.0,732444.0,45484329.0,20.53,30972018.0,13.98,14512311.0,6.55,-23784544.0,-10.73,-21699785.0,-9.79,-8905.0,1.395,1.396,14376835072.0,20070061761,20070061761,2026-07-17,2026-07-17 16:11:45+08:00
560730,红利低波ETF国泰海通,1.01,1.0101,0.01,0.008,0.8,1150187.0,116690669.0,1.004,1.02,1.004,1.002,1.6,18.59,0.32,-48.67,524562.0,625624.0,7682499.0,6.58,22655109.0,19.41,-14972610.0,-12.83,-6740953.0,-5.78,-941547.0,-0.81,-304.0,1.009,1.01,618836272.0,625024635,625024635,2026-07-17,2026-07-17 16:11:36+08:00
516210,银行ETF华安,1.346,1.3462,0.01,0.01,0.75,140874.0,18964308.0,1.332,1.351,1.323,1.336,2.1,17.05,1.89,-21.65,77261.0,63613.0,484022.0,2.55,-631531.0,-3.33,1115553.0,5.88,-552018.0,-2.91,67996.0,0.36,-38.0,1.346,1.35,82631000.0,111221326,111221326,2026-07-17,2026-07-17 16:11:57+08:00
563590,A500红利低波动ETF国寿,0.972,0.969,-0.31,0.007,0.73,5776.0,560876.0,0.971,0.974,0.965,0.965,0.93,0.84,2.77,-21.25,1033.0,4743.0,171485.0,30.57,0.0,0.0,171485.0,30.57,-145487.0,-25.94,-25998.0,-4.64,-199.0,0.972,0.974,68944400.0,67013957,67013957,2026-07-17,2026-07-17 16:11:56+08:00
159719,国企ETF平安,1.539,1.5388,-0.01,0.01,0.65,20363.0,3131522.5,1.529,1.544,1.529,1.529,0.98,7.77,0.52,-3.95,6895.0,13468.0,136441.0,4.36,0.0,0.0,136441.0,4.36,-58659.0,-1.87,-77782.0,-2.48,2.0,1.539,1.54,26195986.0,40315622,40315622,2026-07-17,2026-07-17 15:34:12+08:00
510230,金融ETF国泰,1.286,1.2828,-0.25,0.008,0.63,892785.0,114790964.0,1.28,1.293,1.277,1.278,1.25,13.55,1.14,-3.59,379912.0,512872.0,2569499.0,2.24,698477.0,0.61,1871022.0,1.63,-1629256.0,-1.42,-940243.0,-0.82,-859.0,1.286,1.287,658808000.0,847227088,847227088,2026-07-17,2026-07-17 16:11:37+08:00
561790,央企能源ETF博时,1.198,1.1953,-0.23,0.007,0.59,21608.0,2594305.0,1.195,1.21,1.191,1.191,1.6,3.92,2.11,6.61,12451.0,9157.0,-17357.0,-0.67,0.0,0.0,-17357.0,-0.67,4270.0,0.16,13087.0,0.5,-576.0,1.196,1.198,55134000.0,66050532,66050532,2026-07-17,2026-07-17 16:11:36+08:00
510060,央企ETF工银,2.553,2.5441,-0.35,0.015,0.59,6207.0,1582894.0,2.543,2.562,2.526,2.538,1.42,1.78,2.08,8.06,5272.0,935.0,-152738.0,-9.65,0.0,0.0,-152738.0,-9.65,254400.0,16.07,-101662.0,-6.42,-2.0,2.548,2.553,34959200.0,89250838,89250838,2026-07-17,2026-07-17 16:11:51+08:00
510650,金融地产ETF华夏,2.798,2.79,-0.29,0.016,0.58,20165.0,5630831.0,2.832,2.834,2.782,2.782,1.87,16.87,3.38,-21.01,10689.0,9476.0,-236345.0,-4.2,0.0,0.0,-236345.0,-4.2,45344.0,0.81,191001.0,3.39,-718.0,2.793,2.801,11952500.0,33443095,33443095,2026-07-17,2026-07-17 16:11:57+08:00
159391,大盘价值ETF博时,1.055,1.057,0.19,0.006,0.57,15857.0,1676120.258,1.058,1.06,1.051,1.049,0.86,1.76,0.68,92.08,5606.0,10251.0,265942.0,15.87,0.0,0.0,265942.0,15.87,-155870.0,-9.3,-110072.0,-6.57,-87.0,1.055,1.062,90076398.0,95030600,95030600,2026-07-17,2026-07-17 15:34:27+08:00
159931,金融地产ETF汇添富,1.822,1.8153,-0.37,0.01,0.55,3033.0,552736.5,1.827,1.833,1.809,1.812,1.32,1.61,1.34,30.91,1155.0,1878.0,192257.0,34.78,0.0,0.0,192257.0,34.78,42682.0,7.72,-234939.0,-42.5,21.0,1.815,1.822,18828511.0,34305547,34305547,2026-07-17,2026-07-17 15:34:57+08:00
563690,红利低波ETF永赢,0.992,0.9903,-0.17,0.005,0.51,26352.0,2625101.0,0.996,0.999,0.988,0.987,1.11,7.14,1.45,-3.8,6393.0,19959.0,100899.0,3.84,0.0,0.0,100899.0,3.84,-37420.0,-1.43,-63479.0,-2.42,-22.0,0.992,0.994,36882000.0,36586944,36586944,2026-07-17,2026-07-17 16:11:43+08:00
512750,基本面50ETF嘉实,1.385,1.3831,-0.14,0.007,0.51,46254.0,6393680.0,1.386,1.389,1.375,1.378,1.02,9.75,1.46,20.08,26418.0,19836.0,-189603.0,-2.97,-689000.0,-10.78,499397.0,7.81,211936.0,3.31,-22333.0,-0.35,-6.0,1.383,1.385,47454900.0,65725037,65725037,2026-07-17,2026-07-17 16:11:45+08:00
159296,A500红利低波ETF华宝,0.985,0.984,-0.1,0.005,0.51,24927.0,2457229.2,0.982,0.99,0.982,0.98,0.82,4.98,0.42,-48.33,11886.0,13041.0,-7698.0,-0.31,0.0,0.0,-7698.0,-0.31,-6105.0,-0.25,13803.0,0.56,-2.0,0.985,0.988,50042941.0,49292297,49292297,2026-07-17,2026-07-17 15:34:12+08:00
159547,红利低波ETF华夏,1.176,1.1723,-0.32,0.006,0.51,1352532.0,159264324.4,1.169,1.184,1.169,1.17,1.28,8.44,0.82,-28.62,747749.0,604783.0,-3958718.0,-2.49,1653391.0,1.04,-5612109.0,-3.52,-1662334.0,-1.04,5621052.0,3.53,-828.0,1.176,1.177,1602286080.0,1884288430,1884288430,2026-07-17,2026-07-17 15:34:48+08:00
561260,能源ETF工银,1.199,1.1973,-0.14,0.006,0.5,50242.0,6041024.0,1.19,1.209,1.19,1.193,1.59,19.55,1.33,0.22,25116.0,25126.0,142225.0,2.35,0.0,0.0,142225.0,2.35,-179677.0,-2.97,37452.0,0.62,100.0,1.199,1.2,25695200.0,30808545,30808545,2026-07-17,2026-07-17 16:11:46+08:00
512410,银行ETF广发,1.056,1.0557,-0.03,0.005,0.48,157208.0,16577271.0,1.051,1.068,1.05,1.051,1.71,20.72,0.49,-35.27,47616.0,109592.0,-868918.0,-5.24,-1532222.0,-9.24,663304.0,4.0,266099.0,1.61,602818.0,3.64,-289.0,1.056,1.059,75871700.0,80120515,80120515,2026-07-17,2026-07-17 16:11:50+08:00
159525,红利低波ETF富国,1.068,1.0676,-0.04,0.005,0.47,246441.0,26427054.1,1.064,1.077,1.064,1.063,1.22,5.14,1.17,-5.29,128798.0,117643.0,1252396.0,4.74,1092322.0,4.13,160074.0,0.61,-1019907.0,-3.86,-232489.0,-0.88,-1406.0,1.068,1.069,479243744.0,511832319,511832319,2026-07-17,2026-07-17 15:34:42+08:00
512890,红利低波ETF华泰柏瑞,1.146,1.1451,-0.08,0.005,0.44,9874210.0,1135204391.0,1.141,1.155,1.14,1.141,1.31,3.27,1.26,10.6,4702693.0,5171517.0,3453504.0,0.3,87904064.0,7.74,-84450560.0,-7.44,-48265825.0,-4.25,44812330.0,3.95,-33250.0,1.145,1.146,30174110720.0,34579530885,34579530885,2026-07-17,2026-07-17 16:11:39+08:00
561580,央企红利ETF华泰柏瑞,1.167,1.1657,-0.11,0.005,0.43,1041912.0,121773637.0,1.159,1.174,1.158,1.162,1.38,4.95,1.59,33.26,534227.0,507685.0,-396826.0,-0.33,74347.0,0.06,-471173.0,-0.39,-56173.0,-0.05,452999.0,0.37,-3385.0,1.166,1.167,2104370704.0,2455800612,2455800612,2026-07-17,2026-07-17 16:11:41+08:00
520580,新兴亚洲ETF招商,0.956,0.9513,-0.49,0.004,0.42,157426.0,15079396.0,0.952,0.963,0.947,0.952,1.68,5.41,6.48,7.77,94463.0,62963.0,-971777.0,-6.44,-382689.0,-2.54,-589088.0,-3.91,1247368.0,8.27,-275589.0,-1.83,-902.0,0.956,0.958,290983904.0,278180612,278180612,2026-07-17,2026-07-17 16:11:53+08:00
563980,800红利低波ETF鑫元,0.963,0.9625,-0.05,0.004,0.42,42326.0,4086640.0,0.956,0.971,0.939,0.959,3.34,2.05,1.21,18.66,13924.0,28402.0,113444.0,2.78,93.0,0.0,113351.0,2.77,-97503.0,-2.39,-15942.0,-0.39,-26.0,0.963,0.965,206967000.0,199309221,199309221,2026-07-17,2026-07-17 16:11:45+08:00
562850,央企能源ETF嘉实,1.208,1.2062,-0.15,0.005,0.42,115290.0,13934067.0,1.202,1.22,1.198,1.203,1.83,5.34,1.09,5.78,59805.0,55485.0,391676.0,2.81,964000.0,6.92,-572324.0,-4.11,-374704.0,-2.69,-16971.0,-0.12,-13.0,1.206,1.208,215981500.0,260905652,260905652,2026-07-17,2026-07-17 16:11:33+08:00
563510,A500红利低波ETF易方达,0.981,0.9808,-0.02,0.004,0.41,82650.0,8119362.0,0.977,0.987,0.976,0.977,1.13,2.7,1.27,-33.08,39821.0,42829.0,728203.0,8.97,313147.0,3.86,415056.0,5.11,-330864.0,-4.08,-397339.0,-4.89,-49.0,0.98,0.981,306537008.0,300712805,300712805,2026-07-17,2026-07-17 16:11:41+08:00
560030,800价值ETF汇添富,1.26,1.2555,-0.36,0.005,0.4,14531.0,1830383.0,1.268,1.268,1.252,1.255,1.27,6.2,3.66,-0.09,5898.0,8633.0,-348677.0,-19.05,0.0,0.0,-348677.0,-19.05,173034.0,9.45,175643.0,9.6,-1595.0,1.26,1.265,23432000.0,29524320,29524320,2026-07-17,2026-07-17 16:11:37+08:00
510030,价值ETF华宝,1.02,1.0211,0.11,0.004,0.39,78875.0,8069876.0,1.018,1.028,1.017,1.016,1.08,5.0,1.16,11.84,43739.0,35136.0,380764.0,4.72,248432.0,3.08,132332.0,1.64,-449402.0,-5.57,68639.0,0.85,-10.0,1.02,1.023,157729800.0,160884396,160884396,2026-07-17,2026-07-17 16:11:46+08:00
159355,800红利低波ETF华宝,1.021,1.0215,0.05,0.004,0.39,12648.0,1294785.4,1.021,1.028,1.018,1.017,0.98,1.26,0.74,-37.69,6935.0,5713.0,284353.0,21.96,284352.0,21.96,1.0,0.0,-154120.0,-11.9,-130233.0,-10.06,139.0,1.018,1.021,100234277.0,102339197,102339197,2026-07-17,2026-07-17 15:34:42+08:00
560150,红利低波ETF泰康,1.104,1.1016,-0.22,0.004,0.36,87764.0,9731232.0,1.1,1.113,1.1,1.1,1.18,1.28,1.54,-0.56,51455.0,36309.0,771157.0,7.92,1144092.0,11.76,-372935.0,-3.83,-1004635.0,-10.32,233478.0,2.4,-363.0,1.103,1.104,684279296.0,755444343,755444343,2026-07-17,2026-07-17 16:11:39+08:00
517900,银行AH优选ETF招商,1.464,1.4656,0.11,0.005,0.34,209509.0,30693447.0,1.462,1.474,1.456,1.459,1.23,4.44,0.99,22.4,97976.0,111533.0,1674179.0,5.45,1477200.0,4.81,196979.0,0.64,-650104.0,-2.12,-1024076.0,-3.34,-666.0,1.464,1.465,471993504.0,690998490,690998490,2026-07-17,2026-07-17 16:11:54+08:00
561320,交运ETF国泰,0.888,0.885,-0.34,0.003,0.34,13406.0,1192342.0,0.885,0.894,0.881,0.885,1.47,2.34,1.31,-13.52,6220.0,7186.0,-180357.0,-15.13,-119188.0,-10.0,-61169.0,-5.13,104651.0,8.78,75705.0,6.35,-36.0,0.888,0.889,57369000.0,50943672,50943672,2026-07-17,2026-07-17 16:11:47+08:00
561680,A500红利低波ETF平安,0.982,0.9827,0.07,0.003,0.31,16761.0,1649487.0,0.985,0.989,0.979,0.979,1.02,2.42,0.89,-9.23,6050.0,10711.0,21495.0,1.3,0.0,0.0,21495.0,1.3,73099.0,4.43,-94594.0,-5.73,-50.0,0.981,0.982,69169000.0,67923958,67923958,2026-07-17,2026-07-17 16:11:49+08:00
512640,金融地产ETF嘉实,2.3,2.2904,-0.42,0.007,0.31,27076.0,6228942.0,2.308,2.312,2.285,2.293,1.18,12.45,1.12,-0.49,12176.0,14900.0,-13541.0,-0.22,0.0,0.0,-13541.0,-0.22,49664.0,0.8,-36122.0,-0.58,1.0,2.293,2.297,21740900.0,50004070,50004070,2026-07-17,2026-07-17 16:12:02+08:00
560570,A500红利ETF国联安,0.989,0.9894,0.04,0.003,0.3,165591.0,16408267.0,0.983,0.995,0.978,0.986,1.72,1.15,0.86,-3.96,94338.0,71253.0,875842.0,5.34,603405.0,3.68,272437.0,1.66,-244745.0,-1.49,-631096.0,-3.85,-1.0,0.99,0.993,1439541200.0,1423706247,1423706247,2026-07-17,2026-07-17 16:11:53+08:00
563020,红利低波ETF易方达,1.139,1.1387,-0.03,0.003,0.26,2623018.0,300022559.0,1.136,1.149,1.135,1.136,1.23,2.3,1.02,14.34,1314829.0,1308189.0,27261266.0,9.09,19275475.0,6.42,7985791.0,2.66,-17856257.0,-5.95,-9405010.0,-3.13,-5242.0,1.139,1.14,11404910080.0,12990192581,12990192581,2026-07-17,2026-07-17 16:11:40+08:00
560330,沪深300价值ETF申万菱信,1.193,1.1899,-0.26,0.003,0.25,11953.0,1424201.0,1.192,1.198,1.185,1.19,1.09,6.98,0.82,5.68,5586.0,6367.0,-256550.0,-18.01,0.0,0.0,-256550.0,-18.01,113289.0,7.95,143262.0,10.06,-397.0,1.192,1.193,17130000.0,20436090,20436090,2026-07-17,2026-07-17 16:11:54+08:00
159037,价值ETF鹏华,0.961,0.961,0.0,0.002,0.21,20385.0,1961763.393,0.966,0.968,0.955,0.959,1.36,1.44,0.64,36.53,10137.0,10248.0,721871.0,36.8,119392.0,6.09,602479.0,30.71,-715233.0,-36.46,-6638.0,-0.34,-200.0,0.955,0.963,141249832.0,135741089,135741089,2026-07-17,2026-07-17 15:34:06+08:00
159042,价值ETF汇添富,0.964,0.9624,-0.17,0.002,0.21,68837.0,6635461.647,0.964,0.97,0.957,0.962,1.35,3.81,1.16,11.53,30129.0,38708.0,310356.0,4.68,0.0,0.0,310356.0,4.68,-321255.0,-4.84,10898.0,0.16,1288.0,0.963,0.964,180801105.0,174292265,174292265,2026-07-17,2026-07-17 15:34:09+08:00
520810,港股通红利ETF易方达,0.981,0.9831,0.21,0.002,0.2,41656.0,4084626.0,0.986,0.99,0.972,0.979,1.84,1.48,1.01,-3.85,20554.0,21102.0,605163.0,14.82,0.0,0.0,605163.0,14.82,-569003.0,-13.93,-36161.0,-0.89,-11.0,0.981,0.982,282360000.0,276995160,276995160,2026-07-17,2026-07-17 16:11:55+08:00
159228,红利低波ETF长城,1.014,1.0116,-0.24,0.002,0.2,8621.0,877792.022,1.022,1.025,1.009,1.012,1.58,0.77,1.51,-19.03,3158.0,5463.0,-87004.0,-9.91,57278.0,6.53,-144282.0,-16.44,57752.0,6.58,29252.0,3.33,-331.0,1.014,1.017,112212692.0,113783670,113783670,2026-07-17,2026-07-17 15:34:33+08:00
563890,国企红利ETF创金合信,1.015,1.0145,-0.05,0.002,0.2,7034.0,716736.0,1.015,1.027,1.013,1.013,1.38,2.83,1.75,-19.99,1930.0,5104.0,46205.0,6.45,0.0,0.0,46205.0,6.45,-74380.0,-10.38,28175.0,3.93,-2875.0,1.013,1.016,24836000.0,25208540,25208540,2026-07-17,2026-07-17 16:11:55+08:00
159549,红利低波ETF天弘,1.176,1.1737,-0.2,0.002,0.17,1002127.0,118515650.6,1.174,1.196,1.172,1.174,2.04,2.03,4.56,57.87,787906.0,214221.0,-630512.0,-0.53,-81561731.0,-68.82,80931219.0,68.29,516673.0,0.44,113839.0,0.1,791.0,1.175,1.176,4928523776.0,5795943961,5795943961,2026-07-17,2026-07-17 15:34:03+08:00
513830,港股通高股息ETF嘉实,1.144,1.1477,0.32,0.001,0.09,32216.0,3685972.0,1.15,1.153,1.135,1.143,1.57,5.72,1.49,-2.05,19256.0,12960.0,345524.0,9.37,1144637.0,31.05,-799113.0,-21.68,-313422.0,-8.5,-32103.0,-0.87,-419.0,1.142,1.144,56311000.0,64419784,64419784,2026-07-17,2026-07-17 16:11:44+08:00
159515,国企红利ETF鹏扬,1.135,1.1329,-0.19,0.001,0.09,16345.0,1866411.8,1.139,1.147,1.132,1.134,1.32,4.15,0.66,-23.04,8928.0,7417.0,-452321.0,-24.23,-5903.0,-0.32,-446418.0,-23.92,622595.0,33.36,-170275.0,-9.12,-1.0,1.135,1.137,39386631.0,44703826,44703826,2026-07-17,2026-07-17 15:34:54+08:00
512130,全指现金流ETF鹏华,1.135,1.1203,-1.31,0.001,0.09,15057.0,1703780.0,1.141,1.141,1.117,1.134,2.12,10.84,2.81,-10.54,2965.0,12092.0,229780.0,13.49,1131000.0,66.38,-901220.0,-52.9,-141282.0,-8.29,-88497.0,-5.19,-10.0,1.132,1.135,13895000.0,15770825,15770825,2026-07-17,2026-07-17 16:11:56+08:00
563180,高股息ETF银华,1.096,1.0955,-0.05,0.001,0.09,77569.0,8517406.0,1.095,1.104,1.092,1.095,1.1,6.78,1.41,-8.39,24260.0,53309.0,833353.0,9.78,2375404.0,27.89,-1542051.0,-18.1,-520699.0,-6.11,-312654.0,-3.67,-70.0,1.096,1.098,114420000.0,125404320,125404320,2026-07-17,2026-07-17 16:12:00+08:00
511880,银华日利ETF,100.639,,-0.02,0.026,0.03,2874988.0,28931399004.0,100.626,100.642,100.621,100.613,0.02,31.86,2.04,-45.13,1599646.0,1275343.0,409324416.0,1.41,60201472.0,0.21,349122944.0,1.21,-299812224.0,-1.04,-109512213.0,-0.38,-19104.0,100.638,100.639,902390704.0,90815698060,90815698060,2026-07-17,2026-07-17 16:11:43+08:00
511950,添利货币ETF广发,100.009,,-0.01,0.006,0.01,23.0,230017.0,100.004,100.01,100.003,100.003,0.01,0.7,0.19,-30.72,7.0,16.0,0.0,0.0,0.0,0.0,0.0,0.0,140010.0,60.87,-140011.0,-60.87,-1.0,99.598,100.015,330000.0,33002970,33002970,2026-07-17,2026-07-17 16:11:44+08:00
511800,易方达货币ETF,100.01,,-0.01,0.008,0.01,373.0,3733062.0,100.01,100.01,100.004,100.002,0.01,2.32,0.66,94.1,111.0,262.0,2062933.0,55.26,2092955.0,56.07,-30022.0,-0.8,-1610993.0,-43.15,-451940.0,-12.11,6.0,100.008,100.009,1610000.0,161016100,161016100,2026-07-17,2026-07-17 16:11:52+08:00
511850,招商财富宝ETF,100.014,,-0.01,0.009,0.01,7433.0,74335805.0,100.008,100.014,100.007,100.005,0.01,8.42,1.24,-5.3,3722.0,3711.0,6459638.0,8.69,7749887.0,10.43,-1290249.0,-1.74,-5383238.0,-7.24,-1076402.0,-1.45,-150.0,100.012,100.014,8829000.0,883023606,883023606,2026-07-17,2026-07-17 16:11:33+08:00
511600,华安日日鑫ETF,100.004,,0.0,0.006,0.01,826.0,8261268.0,100.003,100.005,100.002,99.998,0.0,11.55,2.29,15.25,512.0,314.0,-1159541.0,-14.04,-2049567.0,-24.81,890026.0,10.77,939833.0,11.38,219708.0,2.66,1.0,100.003,100.004,715200.0,71522861,71522861,2026-07-17,2026-07-17 16:11:55+08:00
511700,货币ETF平安,100.014,,-0.01,0.009,0.01,9122.0,91235233.0,100.011,100.015,100.011,100.005,0.0,5.7,1.34,-12.0,4945.0,4177.0,9681219.0,10.61,19287987.0,21.14,-9606768.0,-10.53,-6812971.0,-7.47,-2868249.0,-3.14,-21.0,100.013,100.014,16018100.0,1602034253,1602034253,2026-07-17,2026-07-17 16:11:46+08:00
511690,交易货币ETF大成,100.011,,-0.01,0.008,0.01,2194.0,21945434.0,100.004,100.014,100.004,100.003,0.01,3.7,1.73,-3.0,1053.0,1141.0,4970060.0,22.65,4313517.0,19.66,656543.0,2.99,-4100181.0,-18.68,-869879.0,-3.96,-13.0,100.009,100.011,5933900.0,593455273,593455273,2026-07-17,2026-07-17 16:11:33+08:00
511980,货币ETF汇添富,100.056,,-0.06,0.007,0.01,25.0,250233.0,100.051,100.06,100.045,100.049,0.01,1.04,0.91,-81.59,10.0,15.0,0.0,0.0,0.0,0.0,0.0,0.0,50125.0,20.03,-50124.0,-20.03,2.0,100.047,100.056,240800.0,24093485,24093485,2026-07-17,2026-07-17 16:11:53+08:00
511670,华泰天天金ETF,100.003,,0.0,0.006,0.01,60.0,600027.0,100.008,100.01,100.001,99.997,0.01,4.19,0.66,-54.26,28.0,32.0,20000.0,3.33,0.0,0.0,20000.0,3.33,50004.0,8.33,-70004.0,-11.67,-1.0,100.003,100.005,143200.0,14320430,14320430,2026-07-17,2026-07-17 16:11:47+08:00
511820,鹏华添利ETF,100.003,,0.0,0.005,0.01,13.0,130005.0,100.004,100.006,100.003,99.998,0.0,0.21,0.08,0.0,2.0,11.0,0.0,0.0,0.0,0.0,0.0,0.0,60001.0,46.15,-60001.0,-46.15,-2.0,99.999,100.006,629900.0,62991890,62991890,2026-07-17,2026-07-17 16:11:37+08:00
511900,富国货币ETF,100.013,,-0.01,0.01,0.01,1699.0,17044379.0,100.008,101.6,100.008,100.003,1.59,9.41,2.13,2.93,990.0,709.0,727419.0,4.27,853118.0,5.01,-125699.0,-0.74,-665245.0,-3.9,-62174.0,-0.36,-10.0,100.013,100.014,1804800.0,180503462,180503462,2026-07-17,2026-07-17 16:11:59+08:00
511930,货币ETF国联,100.003,,0.0,0.005,0.01,13.0,130604.0,100.004,100.005,100.003,99.998,0.0,0.65,0.18,-94.75,3.0,10.0,0.0,0.0,0.0,0.0,0.0,0.0,0.0,0.0,0.0,0.0,1.0,94.581,100.006,200000.0,20000600,20000600,2026-07-17,2026-07-17 16:11:39+08:00
159220,港股通红利低波ETF华宝,0.571,0.571,0.0,0.0,0.0,675469.0,38724136.6,0.571,0.577,0.568,0.571,1.58,14.2,2.26,-19.82,306853.0,368616.0,-1635546.0,-4.22,799778.0,2.07,-2435324.0,-6.29,1260866.0,3.26,374680.0,0.97,652.0,0.57,0.571,475569520.0,271550196,271550196,2026-07-17,2026-07-17 15:34:27+08:00
520890,港股通红利低波ETF华泰柏瑞,1.292,1.2967,0.36,0.0,0.0,197342.0,25520350.0,1.288,1.306,1.283,1.292,1.78,25.79,0.88,-5.75,106262.0,91080.0,246129.0,0.96,423259.0,1.66,-177130.0,-0.69,-347440.0,-1.36,101310.0,0.4,-22.0,1.292,1.293,76508000.0,98848336,98848336,2026-07-17,2026-07-17 16:12:01+08:00
515100,红利低波100ETF景顺,1.396,1.3941,-0.14,0.0,0.0,1610554.0,225922734.0,1.397,1.413,1.39,1.396,1.65,3.91,1.48,-11.08,769162.0,841392.0,7633738.0,3.38,4352096.0,1.93,3281642.0,1.45,-3216170.0,-1.42,-4417567.0,-1.96,-1826.0,1.395,1.396,4120441504.0,5752136340,5752136340,2026-07-17,2026-07-17 16:11:44+08:00
159127,港股通红利ETF南方,0.911,0.914,0.33,0.0,0.0,130041.0,11841450.52,0.912,0.921,0.905,0.911,1.76,7.07,0.8,-3.69,72483.0,57558.0,561373.0,4.74,1103951.0,9.32,-542578.0,-4.58,-450442.0,-3.8,-110931.0,-0.94,-130.0,0.911,0.912,183844268.0,167482128,167482128,2026-07-17,2026-07-17 15:34:54+08:00
159005,快钱ETF汇添富,100.0,,0.0,-0.002,0.0,721.0,7211209.1,100.0,100.001,99.999,100.002,0.0,6.5,0.54,47.49,119.0,602.0,-159605.0,-2.21,-749300.0,-10.39,589695.0,8.18,29904.0,0.41,129701.0,1.8,-5.0,100.0,100.001,1109338.0,110933800,110933800,2026-07-17,2026-07-17 15:34:51+08:00
159003,招商快线ETF,100.0,,0.0,0.0,0.0,2438.0,24380625.478,99.999,100.001,99.999,100.0,0.0,13.55,0.86,-29.11,1567.0,871.0,912395.0,3.74,-2071137.0,-8.5,2983532.0,12.24,-192796.0,-0.79,-719599.0,-2.95,-5.0,100.0,100.001,1799286.0,179928600,179928600,2026-07-17,2026-07-17 15:34:51+08:00
511660,货币ETF建信,100.003,,0.0,-0.001,0.0,61488.0,614907145.0,100.005,100.007,100.003,100.004,0.0,8.0,1.25,-8.24,24389.0,37099.0,53764661.0,8.74,38091200.0,6.19,15673461.0,2.55,-22997189.0,-3.74,-30767469.0,-5.0,-731.0,100.003,100.004,76856800.0,7685910570,7685910570,2026-07-17,2026-07-17 16:11:50+08:00
511650,货币ETF华夏,100.003,,0.0,0.001,0.0,1222.0,12221105.0,100.004,100.008,100.002,100.002,0.01,10.15,1.6,13.68,988.0,234.0,60091.0,0.49,-419531.0,-3.43,479622.0,3.92,180016.0,1.47,-240107.0,-1.96,-10.0,100.002,100.005,1204400.0,120443613,120443613,2026-07-17,2026-07-17 16:11:46+08:00
159001,货币ETF易方达,100.0,,0.0,-0.001,0.0,80922.0,809225553.493,100.0,100.001,99.999,100.001,0.0,44.34,1.3,85.97,58906.0,22016.0,549048.0,0.07,21989616.0,2.72,-21440568.0,-2.65,4059.0,0.0,-553111.0,-0.07,-7684.0,100.0,100.001,18252339.0,1825233900,1825233900,2026-07-17,2026-07-17 15:34:51+08:00
159091,港股通金融ETF易方达,1.0,1.0027,0.27,0.0,0.0,364907.0,36589052.152,1.002,1.01,0.993,1.0,1.7,15.7,0.25,-33.3,181075.0,183832.0,3244709.0,8.87,4936871.0,13.49,-1692162.0,-4.62,-3989807.0,-10.9,745098.0,2.04,200.0,0.996,0.999,232374196.0,232374196,232374196,2026-07-17,2026-07-17 15:34:30+08:00
562320,沪深300价值ETF银华,1.285,1.2865,0.12,0.0,0.0,66944.0,8617673.0,1.289,1.294,1.279,1.285,1.17,11.48,1.18,8.03,25556.0,41388.0,255510.0,2.96,0.0,0.0,255510.0,2.96,-423174.0,-4.91,167664.0,1.95,-3.0,1.285,1.288,58295500.0,74909718,74909718,2026-07-17,2026-07-17 16:11:43+08:00
159870,化工ETF鹏华,0.749,0.7421,-0.93,0.0,0.0,9064490.0,681024322.994,0.747,0.761,0.736,0.749,3.34,5.1,1.57,-87.24,4172887.0,4891603.0,-22086209.0,-3.24,22120784.0,3.25,-44206993.0,-6.49,6052985.0,0.89,16033215.0,2.35,16616.0,0.748,0.749,17773606912.0,13312431577,13312431577,2026-07-17,2026-07-17 15:34:15+08:00
159263,价值ETF易方达,1.101,1.1016,0.05,0.0,0.0,2804355.0,309388574.555,1.099,1.112,1.095,1.101,1.54,4.92,1.33,31.22,1265260.0,1539095.0,32100269.0,10.38,75261802.0,24.33,-43161533.0,-13.95,-27470485.0,-8.88,-4629784.0,-1.5,4617.0,1.1,1.101,5696105216.0,6271411843,6271411843,2026-07-17,2026-07-17 15:34:18+08:00
560650,核心50ETF民生加银,1.068,,,0.0,0.0,,,,,,1.068,0.0,0.0,,0.0,,,,,,,,,,,,,,,,7919200.0,8457706,8457706,2026-07-17,2026-07-17 16:11:54+08:00
159307,红利低波100ETF博时,1.018,1.0181,0.01,0.0,0.0,1499692.0,153570439.814,1.017,1.031,1.014,1.018,1.67,2.03,1.32,-10.44,762351.0,737341.0,10527240.0,6.85,29195270.0,19.01,-18668030.0,-12.16,-8076940.0,-5.26,-2450300.0,-1.6,-11168.0,1.018,1.019,7402903552.0,7536155816,7536155816,2026-07-17,2026-07-17 15:34:30+08:00
511920,货币ETF广发,100.003,,0.0,0.004,0.0,36.0,360014.0,100.004,100.005,100.003,99.999,0.0,1.09,0.32,-61.94,19.0,17.0,100003.0,27.78,0.0,0.0,100003.0,27.78,-110003.0,-30.56,10001.0,2.78,-10.0,99.903,100.006,330000.0,33000990,33000990,2026-07-17,2026-07-17 16:11:33+08:00
511770,金鹰增益货币ETF,100.004,,0.0,0.002,0.0,25.0,246908.0,100.003,100.005,100.002,100.002,0.0,0.61,0.5,-3.71,16.0,9.0,28199.0,11.42,28199.0,11.42,0.0,0.0,100004.0,40.5,-128203.0,-51.92,-10.0,100.002,100.005,403300.0,40331613,40331613,2026-07-17,2026-07-17 16:11:55+08:00
511910,融通货币ETF,100.004,,0.0,-0.003,0.0,30.0,300119.0,100.003,100.019,100.002,100.007,0.02,3.55,0.76,32.01,13.0,17.0,0.0,0.0,0.0,0.0,0.0,0.0,106.0,0.04,-106.0,-0.04,-1.0,99.999,100.008,84500.0,8450338,8450338,2026-07-17,2026-07-17 16:11:47+08:00
511960,货币ETF嘉实,100.006,,-0.01,0.004,0.0,907.0,9071075.0,100.006,100.01,100.006,100.002,0.0,35.27,3.27,-0.95,565.0,342.0,40302.0,0.44,40302.0,0.44,0.0,0.0,0.0,0.0,-40303.0,-0.44,-101.0,100.006,100.013,257200.0,25721543,25721543,2026-07-17,2026-07-17 16:11:58+08:00
511970,国寿货币ETF,100.003,,0.0,0.004,0.0,16.0,162804.0,100.003,100.006,100.001,99.999,0.01,0.39,1.08,-60.52,1.0,15.0,0.0,0.0,0.0,0.0,0.0,0.0,-39901.0,-24.51,39901.0,24.51,-1.0,100.004,100.005,418500.0,41851256,41851256,2026-07-17,2026-07-17 16:12:02+08:00
159569,港股红利低波ETF景顺,1.332,1.3319,-0.01,0.0,0.0,441697.0,58952556.0,1.328,1.353,1.323,1.332,2.25,12.8,1.03,65.02,207999.0,233698.0,634643.0,1.08,82538.0,0.14,552105.0,0.94,-1337791.0,-2.27,703148.0,1.19,971.0,1.331,1.332,345147248.0,459736134,459736134,2026-07-17,2026-07-17 15:34:06+08:00
560520,红利低波100ETF大成,1.09,1.0893,-0.06,0.0,0.0,4590.0,503589.0,1.1,1.105,1.088,1.09,1.56,1.36,2.32,0.64,3497.0,1093.0,-102541.0,-20.36,-373493.0,-74.17,270952.0,53.8,99250.0,19.71,3291.0,0.65,-1.0,1.09,1.092,33751000.0,36788590,36788590,2026-07-17,2026-07-17 16:11:57+08:00
561060,国企红利ETF华安,1.115,1.1133,-0.15,0.0,0.0,33978.0,3799814.0,1.113,1.128,1.113,1.115,1.35,6.01,1.5,-3.32,20813.0,13165.0,-140963.0,-3.71,0.0,0.0,-140963.0,-3.71,282217.0,7.43,-141254.0,-3.72,-111.0,1.115,1.117,56565000.0,63069975,63069975,2026-07-17,2026-07-17 16:12:02+08:00
511990,华宝添益ETF,100.004,,0.0,0.004,0.0,1679560.0,16796103548.0,100.003,100.005,100.001,100.0,0.0,20.01,1.87,-51.87,833560.0,846000.0,505277376.0,3.01,455719424.0,2.71,49557952.0,0.3,-487623100.0,-2.9,-17654302.0,-0.11,-6483.0,100.004,100.005,839565296.0,83959887861,83959887861,2026-07-17,2026-07-17 16:11:51+08:00
511830,货币ETF华泰柏瑞,100.005,,-0.01,0.0,0.0,6.0,64002.0,100.003,100.005,100.002,100.005,0.0,0.2,0.21,-33.48,3.0,3.0,0.0,0.0,0.0,0.0,0.0,0.0,0.0,0.0,0.0,0.0,1.0,99.906,100.005,315500.0,31551578,31551578,2026-07-17,2026-07-17 16:12:01+08:00
511860,货币ETF博时,100.005,,-0.01,0.003,0.0,1986.0,19861394.0,100.006,100.008,100.005,100.002,0.0,45.14,4.93,-5.94,1234.0,752.0,-10005.0,-0.05,890049.0,4.48,-900054.0,-4.53,70009.0,0.35,-60004.0,-0.3,-95.0,100.002,100.005,440000.0,44002200,44002200,2026-07-17,2026-07-17 16:12:00+08:00
511810,货币ETF南方,100.006,,-0.01,0.003,0.0,799.0,7985656.0,100.005,100.008,100.004,100.003,0.0,2.19,0.73,15.82,273.0,525.0,2655352.0,33.25,1253582.0,15.7,1401770.0,17.55,-1963509.0,-24.59,-691843.0,-8.66,-16.0,100.006,100.007,3640900.0,364111845,364111845,2026-07-17,2026-07-17 16:11:55+08:00
511620,货币ETF国泰,100.013,,-0.01,0.004,0.0,1098.0,10982537.0,100.01,100.013,100.009,100.009,0.0,2.65,0.42,-9.3,457.0,641.0,2705171.0,24.63,2527748.0,23.02,177423.0,1.62,-1928688.0,-17.56,-776481.0,-7.07,-23.0,100.012,100.013,4148800.0,414933934,414933934,2026-07-17,2026-07-17 16:11:35+08:00
159302,港股高股息ETF银华,1.255,1.258,0.24,-0.001,-0.08,45462.0,5705576.3,1.269,1.27,1.246,1.256,1.91,7.87,0.44,-22.38,20078.0,25384.0,159698.0,2.8,0.0,0.0,159698.0,2.8,-69722.0,-1.22,-89977.0,-1.58,-1.0,1.255,1.259,57797609.0,72535999,72535999,2026-07-17,2026-07-17 15:34:30+08:00
515480,红利低波100ETF南方,1.055,1.055,0.0,-0.001,-0.09,168311.0,17878290.0,1.057,1.071,1.052,1.056,1.8,33.43,1.58,6.62,61130.0,107182.0,-480319.0,-2.69,-1134640.0,-6.35,654321.0,3.66,258780.0,1.45,221538.0,1.24,-40.0,1.054,1.055,50340700.0,53109439,53109439,2026-07-17,2026-07-17 16:12:01+08:00
563700,红利价值ETF易方达,1.012,1.0107,-0.13,-0.001,-0.1,64556.0,6580415.0,1.014,1.024,1.008,1.013,1.58,1.59,1.12,6.11,20607.0,43949.0,706435.0,10.74,471549.0,7.17,234886.0,3.57,-627899.0,-9.54,-78536.0,-1.19,-4.0,1.011,1.012,407150000.0,412035800,412035800,2026-07-17,2026-07-17 16:11:54+08:00
159118,港股通红利低波ETF华夏,0.938,0.9398,0.19,-0.001,-0.11,88267.0,8308547.7,0.943,0.948,0.935,0.939,1.38,12.49,3.33,-13.29,45093.0,43174.0,347228.0,4.18,697864.0,8.4,-350636.0,-4.22,-187526.0,-2.26,-159702.0,-1.92,157.0,0.937,0.938,70677020.0,66295045,66295045,2026-07-17,2026-07-17 15:34:33+08:00
159662,交运ETF南方,0.931,0.9292,-0.19,-0.001,-0.11,61109.0,5695192.7,0.933,0.94,0.926,0.932,1.5,7.27,1.16,-93.82,25502.0,35607.0,261980.0,4.6,0.0,0.0,261980.0,4.6,-306261.0,-5.38,44280.0,0.78,1.0,0.93,0.931,84113946.0,78310084,78310084,2026-07-17,2026-07-17 15:34:33+08:00
510160,产业升级ETF南方,0.858,0.8575,-0.06,-0.001,-0.12,4205.0,362053.0,0.85,0.869,0.85,0.859,2.21,0.22,1.7,-0.13,3968.0,237.0,21632.0,5.97,60448.0,16.7,-38816.0,-10.72,-76702.0,-21.19,55069.0,15.21,-34.0,0.856,0.86,192057400.0,164785249,164785249,2026-07-17,2026-07-17 16:11:36+08:00
159331,红利港股ETF国泰,1.233,1.2376,0.37,-0.002,-0.16,66729.0,8238519.636,1.237,1.249,1.225,1.235,1.94,4.37,0.82,-13.07,36131.0,30598.0,413999.0,5.03,-921750.0,-11.19,1335749.0,16.21,-616646.0,-7.48,202648.0,2.46,-1456.0,1.233,1.234,152694179.0,188271923,188271923,2026-07-17,2026-07-17 15:34:06+08:00
561960,央企回报ETF招商,1.189,1.1874,-0.13,-0.002,-0.17,21109.0,2517990.0,1.194,1.199,1.181,1.191,1.51,3.9,1.94,-3.16,10579.0,10530.0,-139508.0,-5.54,108138.0,4.29,-247646.0,-9.84,174990.0,6.95,-35482.0,-1.41,150.0,1.188,1.19,54185200.0,64426203,64426203,2026-07-17,2026-07-17 16:11:44+08:00
513690,港股红利ETF博时,1.094,1.1002,0.56,-0.002,-0.18,1404779.0,153901636.0,1.097,1.106,1.088,1.096,1.64,3.98,0.92,-4.42,754900.0,649879.0,-7301373.0,-4.74,5312123.0,3.45,-12613496.0,-8.2,3692059.0,2.4,3609312.0,2.35,-3148.0,1.094,1.095,3530979904.0,3862892015,3862892015,2026-07-17,2026-07-17 16:11:46+08:00
159336,央企红利ETF融通,1.113,1.1109,-0.19,-0.002,-0.18,45165.0,5045633.8,1.115,1.124,1.106,1.115,1.61,0.99,0.8,87.19,23524.0,21641.0,57152.0,1.13,0.0,0.0,57152.0,1.13,-152569.0,-3.02,95417.0,1.89,31.0,1.113,1.12,454905088.0,506309363,506309363,2026-07-17,2026-07-17 15:34:45+08:00
159277,港股通红利ETF富国,0.94,0.9432,0.34,-0.002,-0.21,43916.0,4126421.77,0.951,0.952,0.935,0.942,1.8,11.1,0.54,-53.51,17559.0,26357.0,25749.0,0.62,0.0,0.0,25749.0,0.62,-34759.0,-0.84,9010.0,0.22,-42.0,0.937,0.939,39557011.0,37183590,37183590,2026-07-17,2026-07-17 15:34:00+08:00
520610,港股红利低波ETF银华,0.916,0.9218,0.63,-0.002,-0.22,39138.0,3602559.0,0.919,0.927,0.912,0.918,1.63,1.54,1.05,4.56,19504.0,19634.0,-473709.0,-13.15,-119194.0,-3.31,-354515.0,-9.84,191754.0,5.32,281956.0,7.83,-652.0,0.917,0.919,254963000.0,233546108,233546108,2026-07-17,2026-07-17 16:11:57+08:00
513190,港股通金融ETF华夏,1.698,1.6937,-0.25,-0.004,-0.24,2069683.0,351929998.0,1.698,1.718,1.684,1.702,2.0,21.61,0.8,-21.84,1035393.0,1034290.0,-8486967.0,-2.41,-3454102.0,-0.98,-5032865.0,-1.43,2716913.0,0.77,5770054.0,1.64,-2438.0,1.695,1.698,957936000.0,1626575328,1626575328,2026-07-17,2026-07-17 16:11:41+08:00
159940,金融地产ETF广发,1.179,1.1795,0.04,-0.003,-0.25,47684.0,5641109.2,1.187,1.19,1.175,1.182,1.27,1.1,0.74,-4.06,18740.0,28944.0,-201563.0,-3.57,15651.0,0.28,-217214.0,-3.85,336521.0,5.97,-134958.0,-2.39,-2.0,1.179,1.183,435059984.0,512935721,512935721,2026-07-17,2026-07-17 15:34:54+08:00
513530,港股通红利ETF华泰柏瑞,1.532,1.539,0.45,-0.004,-0.26,2090680.0,321007890.0,1.537,1.551,1.523,1.536,1.82,7.83,1.61,-31.25,780706.0,1309974.0,-12563302.0,-3.91,-13056629.0,-4.07,493327.0,0.15,5410259.0,1.69,7153044.0,2.23,-5539.0,1.531,1.532,2670438704.0,4091112095,4091112095,2026-07-17,2026-07-17 16:11:51+08:00
560070,央企红利ETF汇添富,1.096,1.0944,-0.15,-0.003,-0.27,41097.0,4514849.0,1.102,1.109,1.08,1.099,2.64,4.76,0.28,1.15,14857.0,26240.0,487756.0,10.8,-433679.0,-9.61,921435.0,20.41,-562730.0,-12.46,74974.0,1.66,-26.0,1.093,1.096,86362300.0,94653081,94653081,2026-07-17,2026-07-17 16:11:39+08:00
520550,港股红利低波ETF招商,1.067,1.0697,0.25,-0.003,-0.28,515596.0,55108523.0,1.07,1.079,1.059,1.07,1.87,4.56,1.25,-13.2,207520.0,308076.0,-494758.0,-0.9,3980842.0,7.22,-4475600.0,-8.12,-752724.0,-1.37,1247482.0,2.26,-498.0,1.066,1.067,1131524000.0,1207336108,1207336108,2026-07-17,2026-07-17 16:11:52+08:00
159581,红利ETF万家,1.014,1.0132,-0.08,-0.003,-0.29,363826.0,37170467.4,1.019,1.027,1.011,1.017,1.57,2.6,0.99,27.92,178232.0,185594.0,1237982.0,3.33,6553425.0,17.63,-5315443.0,-14.3,-1325058.0,-3.56,87076.0,0.23,-101.0,1.014,1.015,1400225712.0,1419828872,1419828872,2026-07-17,2026-07-17 15:34:54+08:00
159529,标普消费ETF景顺,1.283,1.2927,0.75,-0.004,-0.31,415287.0,53595647.6,1.294,1.298,1.279,1.287,1.48,5.12,1.64,45.4,172689.0,242598.0,2074252.0,3.87,3615380.0,6.75,-1541128.0,-2.88,-1414855.0,-2.64,-659397.0,-1.23,-1031.0,1.283,1.284,811536784.0,1041201694,1041201694,2026-07-17,2026-07-17 15:34:27+08:00
560720,红利低波100ETF工银,0.977,0.9771,0.01,-0.003,-0.31,92045.0,9049107.0,0.974,0.989,0.974,0.98,1.53,5.13,0.98,-13.37,35074.0,56971.0,696440.0,7.7,1350335.0,14.92,-653895.0,-7.23,-672252.0,-7.43,-24188.0,-0.27,-229.0,0.976,0.977,179548000.0,175418396,175418396,2026-07-17,2026-07-17 16:11:52+08:00
159143,港股通央企红利ETF平安,0.924,0.9249,0.1,-0.003,-0.32,27373.0,2531834.9,0.932,0.934,0.918,0.927,1.73,4.84,1.7,-90.34,9709.0,17664.0,145835.0,5.76,0.0,0.0,145835.0,5.76,-180343.0,-7.12,34508.0,1.36,-540.0,0.925,0.926,56554456.0,52256317,52256317,2026-07-17,2026-07-17 15:34:54+08:00
159666,交通运输ETF华夏,0.929,0.9288,-0.02,-0.003,-0.32,231264.0,21639138.3,0.928,0.941,0.925,0.932,1.72,21.25,1.0,-73.66,122176.0,109088.0,-96405.0,-0.45,-960729.0,-4.44,864324.0,3.99,-189038.0,-0.87,285444.0,1.32,-56.0,0.929,0.931,108832905.0,101105769,101105769,2026-07-17,2026-07-17 15:34:57+08:00
159266,港股央企红利ETF永赢,0.92,0.9227,0.29,-0.003,-0.33,122891.0,11295022.4,0.924,0.93,0.914,0.923,1.73,3.45,1.35,49.14,60136.0,62755.0,-369426.0,-3.27,0.0,0.0,-369426.0,-3.27,334309.0,2.96,35117.0,0.31,-601.0,0.92,0.922,355710096.0,327253288,327253288,2026-07-17,2026-07-17 15:34:48+08:00
513920,港股通央企红利ETF华安,1.5,1.5059,0.39,-0.005,-0.33,601773.0,90498828.0,1.504,1.518,1.492,1.505,1.73,2.22,0.68,-40.25,298177.0,303596.0,-567033.0,-0.63,-503091.0,-0.56,-63942.0,-0.07,-8264749.0,-9.13,8831782.0,9.76,-1699.0,1.499,1.5,2715231008.0,4072846512,4072846512,2026-07-17,2026-07-17 16:11:41+08:00
159281,港股央企红利ETF天弘,0.904,0.9091,0.56,-0.003,-0.33,524432.0,47595520.4,0.909,0.917,0.9,0.907,1.87,20.79,0.85,-8.82,269494.0,254938.0,47778.0,0.1,527371.0,1.11,-479593.0,-1.01,-103273.0,-0.22,55494.0,0.12,1.0,0.903,0.904,252233059.0,228018685,228018685,2026-07-17,2026-07-17 15:34:57+08:00
513820,港股通红利ETF汇添富,1.185,1.1926,0.64,-0.004,-0.34,678425.0,80532541.0,1.19,1.201,1.177,1.189,2.02,3.67,0.98,6.78,316503.0,361922.0,-316333.0,-0.39,24214.0,0.03,-340547.0,-0.42,-365053.0,-0.45,681387.0,0.85,-221.0,1.184,1.185,1846669008.0,2188302774,2188302774,2026-07-17,2026-07-17 16:11:45+08:00
159731,石化ETF华夏,0.856,0.856,0.0,-0.003,-0.35,721654.0,62162077.0,0.859,0.87,0.849,0.859,2.44,9.71,0.93,29.55,383851.0,337803.0,13892903.0,22.35,11806125.0,18.99,2086778.0,3.36,-9644977.0,-15.52,-4247926.0,-6.83,-491.0,0.856,0.857,743375808.0,636329692,636329692,2026-07-17,2026-07-17 15:34:03+08:00
510880,红利ETF华泰柏瑞,3.135,3.1352,0.01,-0.011,-0.35,2590332.0,817540556.0,3.147,3.175,3.133,3.146,1.34,3.29,0.92,50.1,1247854.0,1342478.0,76497637.0,9.36,112160229.0,13.72,-35662592.0,-4.36,-65237279.0,-7.98,-11260365.0,-1.38,-11121.0,3.135,3.136,7881175808.0,24707486158,24707486158,2026-07-17,2026-07-17 16:12:02+08:00
560020,红利ETF汇添富,1.059,1.0587,-0.03,-0.004,-0.38,44423.0,4744890.0,1.064,1.086,1.058,1.063,2.63,3.4,1.14,2.31,29106.0,15317.0,46137.0,0.97,35825.0,0.76,10312.0,0.22,-29718.0,-0.63,-16419.0,-0.35,-54.0,1.059,1.061,130562000.0,138265158,138265158,2026-07-17,2026-07-17 16:11:37+08:00
159333,港股央企红利ETF万家,1.29,1.2925,0.19,-0.005,-0.39,82262.0,10617790.8,1.296,1.306,1.28,1.295,2.01,3.83,0.63,-76.37,33751.0,48511.0,85746.0,0.81,290304.0,2.73,-204558.0,-1.93,-299087.0,-2.82,213341.0,2.01,8.0,1.289,1.29,214952835.0,277289157,277289157,2026-07-17,2026-07-17 15:34:39+08:00
561420,300现金流ETF汇添富,1.018,1.0179,-0.01,-0.004,-0.39,113409.0,11564300.0,1.029,1.029,1.012,1.022,1.66,1.03,0.61,2.18,52641.0,60768.0,41912.0,0.36,1491974.0,12.9,-1450062.0,-12.54,-74539.0,-0.64,32627.0,0.28,-20.0,1.018,1.02,1096237008.0,1115969274,1115969274,2026-07-17,2026-07-17 16:11:34+08:00
513950,恒生红利ETF富国,1.235,1.2394,0.36,-0.005,-0.4,401861.0,49745399.0,1.24,1.249,1.227,1.24,1.77,1.81,0.71,2.53,167343.0,234518.0,1695983.0,3.41,964680.0,1.94,731303.0,1.47,-1825205.0,-3.67,129221.0,0.26,-461.0,1.234,1.235,2214119008.0,2734436975,2734436975,2026-07-17,2026-07-17 16:11:44+08:00
159945,能源ETF广发,1.245,1.2468,0.14,-0.005,-0.4,83570.0,10449543.0,1.256,1.262,1.241,1.25,1.68,13.36,1.04,-63.06,40082.0,43488.0,378328.0,3.62,683979.0,6.55,-305651.0,-2.93,-522954.0,-5.0,144627.0,1.38,-144.0,1.245,1.253,62572327.0,77902547,77902547,2026-07-17,2026-07-17 15:34:39+08:00
510720,红利国企ETF国泰,0.976,0.9741,-0.2,-0.004,-0.41,1908999.0,187802069.0,0.98,0.991,0.974,0.98,1.73,5.98,0.91,4.36,915183.0,993816.0,14747616.0,7.85,22586048.0,12.03,-7838432.0,-4.17,-13092733.0,-6.97,-1654883.0,-0.88,-5813.0,0.975,0.976,3190766000.0,3114187616,3114187616,2026-07-17,2026-07-17 16:11:38+08:00
159117,港股通红利低波ETF鹏华,0.981,0.9848,0.39,-0.004,-0.41,50398.0,4970174.54,0.985,0.994,0.977,0.985,1.73,8.21,1.5,-86.87,22416.0,27982.0,3347.0,0.07,0.0,0.0,3347.0,0.07,70892.0,1.43,-74239.0,-1.49,-1005.0,0.981,0.984,61401153.0,60234531,60234531,2026-07-17,2026-07-17 15:34:30+08:00
159399,现金流ETF国泰,0.956,0.9542,-0.19,-0.004,-0.42,1655622.0,158630413.752,0.957,0.968,0.948,0.96,2.08,3.84,1.29,-52.16,768068.0,887554.0,8070695.0,5.09,9097392.0,5.73,-1026697.0,-0.65,-2009742.0,-1.27,-6060953.0,-3.82,-5221.0,0.956,0.957,4316194816.0,4126282244,4126282244,2026-07-17,2026-07-17 15:34:03+08:00
516570,化工行业ETF易方达,0.933,0.9342,0.13,-0.004,-0.43,348990.0,32850501.0,0.936,0.95,0.926,0.937,2.56,3.08,1.13,12.41,157948.0,191042.0,2202488.0,6.7,3778922.0,11.5,-1576434.0,-4.8,-1644831.0,-5.01,-557656.0,-1.7,-370.0,0.932,0.933,1133357600.0,1057422641,1057422641,2026-07-17,2026-07-17 16:11:39+08:00
560700,央企红利ETF广发,1.114,1.1139,-0.01,-0.005,-0.45,133116.0,14906456.0,1.119,1.126,1.108,1.119,1.61,3.7,1.4,4.21,66075.0,67041.0,-1328811.0,-8.91,1318309.0,8.84,-2647120.0,-17.76,-968594.0,-6.5,2297405.0,15.41,-10.0,1.114,1.116,359536896.0,400524102,400524102,2026-07-17,2026-07-17 16:11:47+08:00
520830,沙特ETF华泰柏瑞,0.873,0.8703,-0.31,-0.004,-0.46,204154.0,17849191.0,0.877,0.878,0.872,0.877,0.68,1.72,1.0,-31.74,27098.0,177056.0,-1238857.0,-6.94,-1417912.0,-7.94,179055.0,1.0,250567.0,1.4,988290.0,5.54,-89.0,0.872,0.873,1187619008.0,1036791394,1036791394,2026-07-17,2026-07-17 16:11:33+08:00
159545,恒生红利低波ETF易方达,1.284,1.285,0.08,-0.006,-0.47,1186116.0,152709421.4,1.29,1.301,1.279,1.29,1.71,2.39,1.13,-17.63,586615.0,599501.0,30613.0,0.02,-13354241.0,-8.74,13384854.0,8.76,-1469861.0,-0.96,1439247.0,0.94,2621.0,1.283,1.284,4961203712.0,6370185566,6370185566,2026-07-17,2026-07-17 15:34:00+08:00
513910,港股通央企红利ETF华夏,1.478,1.4841,0.41,-0.007,-0.47,1081041.0,160261619.0,1.485,1.499,1.468,1.485,2.09,5.27,1.04,12.57,485106.0,595935.0,1263095.0,0.79,-3210014.0,-2.0,4473109.0,2.79,-1595458.0,-1.0,332363.0,0.21,-1158.0,1.478,1.479,2051276000.0,3031785928,3031785928,2026-07-17,2026-07-17 16:12:02+08:00
563060,央企50ETF易方达,1.034,1.0341,0.01,-0.005,-0.48,14766.0,1532138.0,1.04,1.044,1.028,1.039,1.54,0.76,0.93,0.41,5843.0,8923.0,145788.0,9.52,438710.0,28.63,-292922.0,-19.12,-126939.0,-8.29,-18848.0,-1.23,-20.0,1.034,1.037,194527000.0,201140918,201140918,2026-07-17,2026-07-17 16:11:51+08:00
159589,红利ETF广发,1.041,1.0397,-0.13,-0.005,-0.48,153126.0,16056090.282,1.046,1.054,1.038,1.046,1.53,6.18,1.62,-9.98,80104.0,73022.0,-6087919.0,-37.92,-4630642.0,-28.84,-1457277.0,-9.08,6180278.0,38.49,-92359.0,-0.58,467.0,1.04,1.041,247590005.0,257741195,257741195,2026-07-17,2026-07-17 15:34:21+08:00
159276,现金流ETF汇添富,1.035,1.0349,-0.01,-0.005,-0.48,42756.0,4455483.8,1.04,1.048,1.029,1.04,1.83,1.16,1.05,-15.65,26827.0,15929.0,-11688.0,-0.26,-99000.0,-2.22,87312.0,1.96,-16270.0,-0.37,27958.0,0.63,1.0,1.035,1.037,369696656.0,382636039,382636039,2026-07-17,2026-07-17 15:34:09+08:00
159510,沪深300价值ETF华夏,1.228,1.2255,-0.2,-0.006,-0.49,86377.0,10639327.6,1.237,1.241,1.221,1.234,1.62,14.13,1.89,-10.81,44489.0,41888.0,-2054906.0,-19.31,-828483.0,-7.79,-1226423.0,-11.53,867149.0,8.15,1187758.0,11.16,26.0,1.23,1.233,61128342.0,75065604,75065604,2026-07-17,2026-07-17 15:34:18+08:00
515080,中证红利ETF招商,1.493,1.4925,-0.03,-0.008,-0.53,3267736.0,491502255.0,1.501,1.514,1.491,1.501,1.53,3.93,1.24,24.21,1533466.0,1734270.0,-27680084.0,-5.63,37705681.0,7.67,-65385765.0,-13.3,-29852331.0,-6.07,57532414.0,11.71,-14696.0,1.493,1.494,8313148928.0,12411531350,12411531350,2026-07-17,2026-07-17 16:11:36+08:00
159981,能源化工ETF建信,1.479,1.4794,0.03,-0.008,-0.54,2372176.0,351307519.5,1.496,1.499,1.467,1.487,2.15,13.33,0.78,-12.28,1098881.0,1273295.0,1970235.0,0.56,-4940259.0,-1.41,6910494.0,1.97,-747817.0,-0.21,-1222419.0,-0.35,14651.0,1.478,1.479,1779536960.0,2631935164,2631935164,2026-07-17,2026-07-17 15:34:57+08:00
159726,港股通高股息ETF华夏,1.297,1.2985,0.12,-0.007,-0.54,253439.0,32999429.234,1.304,1.318,1.286,1.304,2.45,9.42,1.65,-39.54,139981.0,113458.0,-182504.0,-0.55,-419139.0,-1.27,236635.0,0.72,70724.0,0.21,111782.0,0.34,-16.0,1.297,1.301,268911376.0,348778055,348778055,2026-07-17,2026-07-17 15:34:00+08:00
159201,自由现金流ETF华夏,1.11,1.1091,-0.08,-0.006,-0.54,7001724.0,778956759.296,1.118,1.123,1.1,1.116,2.06,5.11,1.81,-56.11,3399015.0,3602709.0,112157142.0,14.4,284308465.0,36.5,-172151323.0,-22.1,-93563896.0,-12.01,-18593244.0,-2.39,-11863.0,1.11,1.111,13697275904.0,15203976253,15203976253,2026-07-17,2026-07-17 15:34:39+08:00
563900,300自由现金流ETF摩根,1.089,1.0888,-0.02,-0.006,-0.55,274437.0,29970705.0,1.094,1.098,1.082,1.095,1.46,5.35,1.19,-3.96,126517.0,147920.0,49398.0,0.16,1914791.0,6.39,-1865393.0,-6.22,98858.0,0.33,-148256.0,-0.49,-61.0,1.088,1.089,512965696.0,558619643,558619643,2026-07-17,2026-07-17 16:11:53+08:00
513140,港股通金融ETF华泰柏瑞,1.622,1.6205,-0.09,-0.009,-0.55,358909.0,58326292.0,1.626,1.64,1.611,1.631,1.78,43.05,0.8,-53.32,171273.0,187636.0,3089641.0,5.3,345034.0,0.59,2744607.0,4.71,-1924101.0,-3.3,-1165539.0,-2.0,-31.0,1.621,1.622,83368000.0,135222896,135222896,2026-07-17,2026-07-17 16:12:02+08:00
159223,现金流ETF永赢,1.07,1.0716,0.15,-0.006,-0.56,95755.0,10309074.8,1.082,1.083,1.064,1.076,1.77,5.04,1.05,-31.29,46001.0,49754.0,-123404.0,-1.2,890928.0,8.64,-1014332.0,-9.84,-16315.0,-0.16,139719.0,1.36,10.0,1.069,1.071,189844755.0,203133888,203133888,2026-07-17,2026-07-17 15:34:21+08:00
159329,沙特ETF南方,0.88,0.8825,0.28,-0.005,-0.56,261514.0,23063006.783,0.884,0.885,0.879,0.885,0.68,2.08,0.86,-59.57,65554.0,195960.0,-490321.0,-2.13,-289169.0,-1.25,-201152.0,-0.87,-951416.0,-4.13,1441736.0,6.25,2761.0,0.879,0.88,1257189184.0,1106326482,1106326482,2026-07-17,2026-07-17 15:34:36+08:00
159670,消费50ETF国联安,0.85,0.8482,-0.21,-0.005,-0.58,65878.0,5607389.5,0.86,0.862,0.845,0.855,1.99,11.42,1.9,-29.66,30081.0,35797.0,85935.0,1.53,138425.0,2.47,-52490.0,-0.94,-107371.0,-1.91,21436.0,0.38,-190.0,0.85,0.852,57706921.0,49050883,49050883,2026-07-17,2026-07-17 15:34:03+08:00
513630,港股低波红利ETF摩根,1.546,1.5542,0.53,-0.009,-0.58,3851905.0,597762808.0,1.557,1.57,1.536,1.555,2.19,4.87,1.27,30.36,1903453.0,1948452.0,1217601.0,0.2,49868017.0,8.34,-48650416.0,-8.14,-6958689.0,-1.16,5741098.0,0.96,-7364.0,1.545,1.546,7917359104.0,12240237175,12240237175,2026-07-17,2026-07-17 16:11:37+08:00
159812,黄金ETF前海开源,8.275,8.2774,0.03,-0.049,-0.59,21386.0,17664919.42,8.238,8.296,8.225,8.324,0.85,1.27,1.56,10.67,10448.0,10938.0,234389.0,1.33,0.0,0.0,234389.0,1.33,-145258.0,-0.82,-89132.0,-0.5,-2.0,8.275,8.276,168913149.0,1397756308,1397756308,2026-07-17,2026-07-17 15:34:39+08:00
518680,金ETF富国,8.703,8.6979,-0.06,-0.052,-0.59,136945.0,118858818.0,8.688,8.718,8.645,8.755,0.83,1.79,1.45,-42.59,66545.0,70400.0,-5438708.0,-4.58,-96454.0,-0.08,-5342254.0,-4.49,-247788.0,-0.21,5686496.0,4.78,-74.0,8.7,8.703,763369504.0,6643604793,6643604793,2026-07-17,2026-07-17 16:11:39+08:00
515180,红利ETF易方达,1.352,1.3522,0.01,-0.008,-0.59,3110214.0,423847827.0,1.36,1.372,1.351,1.36,1.54,2.25,0.98,35.17,1470008.0,1640206.0,538957.0,0.13,11355262.0,2.68,-10816305.0,-2.55,-8205150.0,-1.94,7666193.0,1.81,-14735.0,1.352,1.353,13797637120.0,18654405386,18654405386,2026-07-17,2026-07-17 16:11:59+08:00
518850,黄金ETF华夏,8.391,8.3876,-0.04,-0.051,-0.6,461225.0,386032223.0,8.374,8.407,8.337,8.442,0.83,2.71,1.87,-21.72,212140.0,249086.0,-10358010.0,-2.68,2094558.0,0.54,-12452568.0,-3.23,2155032.0,0.56,8202977.0,2.12,-1150.0,8.391,8.392,1703778704.0,14296407105,14296407105,2026-07-17,2026-07-17 16:11:46+08:00
518880,黄金ETF华安,8.311,8.3057,-0.06,-0.052,-0.62,2844769.0,2358048522.0,8.291,8.326,8.256,8.363,0.84,2.73,1.21,48.25,1389060.0,1455709.0,-64117216.0,-2.72,-88906224.0,-3.77,24789008.0,1.05,-7652784.0,-0.32,71770004.0,3.04,-13276.0,8.311,8.312,10439440896.0,86762193287,86762193287,2026-07-17,2026-07-17 16:11:52+08:00
518800,黄金ETF国泰,8.71,8.7097,0.0,-0.054,-0.62,542130.0,470987435.0,8.698,8.73,8.656,8.764,0.84,1.51,1.11,23.8,271293.0,270837.0,-2558112.0,-0.54,12375969.0,2.63,-14934081.0,-3.17,1760812.0,0.37,797301.0,0.17,-300.0,8.71,8.711,3587779200.0,31249556832,31249556832,2026-07-17,2026-07-17 16:11:41+08:00
159166,现金流ETF长城,0.806,0.8061,0.01,-0.005,-0.62,42455.0,3430737.915,0.813,0.813,0.8,0.811,1.6,0.72,1.51,-15.22,17424.0,25031.0,243967.0,7.11,-330810.0,-9.64,574777.0,16.75,-212440.0,-6.19,-31527.0,-0.92,-400.0,0.804,0.805,590816064.0,476197748,476197748,2026-07-17,2026-07-17 15:34:18+08:00
159937,黄金ETF博时,8.29,8.2905,0.01,-0.052,-0.62,767267.0,634580583.1,8.28,8.309,8.237,8.342,0.86,1.64,1.57,10.55,353364.0,413903.0,-43317779.0,-6.83,6230644.0,0.98,-49548423.0,-7.81,16446533.0,2.59,26871241.0,4.23,-855.0,8.29,8.291,4687721984.0,38861215247,38861215247,2026-07-17,2026-07-17 15:34:36+08:00
159934,黄金ETF易方达,8.68,8.6831,0.04,-0.054,-0.62,942037.0,816184005.555,8.667,8.699,8.625,8.734,0.85,2.51,1.78,44.77,415981.0,526056.0,-80126190.0,-9.82,-25642286.0,-3.14,-54483904.0,-6.68,53111415.0,6.51,27014760.0,3.31,2390.0,8.679,8.68,3755308992.0,32596082051,32596082051,2026-07-17,2026-07-17 15:34:54+08:00
518660,黄金ETF工银,8.33,8.3298,0.0,-0.053,-0.63,268527.0,223093399.0,8.321,8.35,8.279,8.383,0.85,2.89,2.83,21.5,141210.0,127317.0,-1157542.0,-0.52,-3229827.0,-1.45,2072285.0,0.93,-411771.0,-0.18,1569313.0,0.7,-585.0,8.329,8.33,929552704.0,7743174024,7743174024,2026-07-17,2026-07-17 16:11:39+08:00
159916,基本面ETF建信,5.017,4.9881,-0.58,-0.032,-0.63,177.0,88462.7,5.049,5.049,4.956,5.049,1.84,0.04,0.56,-2.29,57.0,120.0,0.0,0.0,0.0,0.0,0.0,0.0,-965.0,-1.09,966.0,1.09,3.0,4.998,5.017,43566039.0,218570818,218570818,2026-07-17,2026-07-17 15:34:18+08:00
515890,红利ETF博时,1.389,1.3882,-0.06,-0.009,-0.64,111730.0,15700090.0,1.393,1.415,1.387,1.398,2.0,3.27,1.89,8.28,53967.0,57763.0,-457206.0,-2.91,-3544585.0,-22.58,3087379.0,19.66,443591.0,2.83,13615.0,0.09,30.0,1.388,1.391,341443904.0,474265583,474265583,2026-07-17,2026-07-17 16:11:48+08:00
159831,金ETF嘉实,8.385,8.3892,0.05,-0.054,-0.64,50492.0,42262444.5,8.416,8.416,8.331,8.439,1.01,2.53,1.83,18.7,20675.0,29817.0,1319645.0,3.12,3897736.0,9.22,-2578091.0,-6.1,-1267401.0,-3.0,-52244.0,-0.12,-5.0,8.385,8.389,199856243.0,1675794598,1675794598,2026-07-17,2026-07-17 15:34:48+08:00
518600,金ETF广发,8.657,8.6566,0.0,-0.057,-0.65,167214.0,144444481.0,8.65,8.675,8.603,8.714,0.83,2.29,1.32,9.47,78336.0,88878.0,-1900723.0,-1.32,-3715832.0,-2.57,1815109.0,1.26,-723780.0,-0.5,2624503.0,1.82,-363.0,8.657,8.658,729316304.0,6313691244,6313691244,2026-07-17,2026-07-17 16:11:56+08:00
518890,上海金ETF中银,8.32,8.32,0.0,-0.056,-0.67,58032.0,48172000.0,8.356,8.356,8.273,8.376,0.99,1.47,2.09,-4.03,28555.0,29477.0,1780793.0,3.7,-73997.0,-0.15,1854790.0,3.85,-1630830.0,-3.39,-149963.0,-0.31,-56.0,8.323,8.326,395354800.0,3289351936,3289351936,2026-07-17,2026-07-17 16:12:02+08:00
159834,金ETF南方,8.678,8.6792,0.01,-0.06,-0.69,141875.0,122747624.7,8.662,8.694,8.622,8.738,0.82,7.45,3.03,19.69,71892.0,69983.0,1621112.0,1.32,0.0,0.0,1621112.0,1.32,-365860.0,-0.3,-1255252.0,-1.02,6.0,8.67,8.678,190561376.0,1653691621,1653691621,2026-07-17,2026-07-17 15:34:51+08:00
159830,金ETF天弘,8.666,8.6773,0.13,-0.06,-0.69,41133.0,35611785.7,8.656,8.692,8.618,8.726,0.85,1.13,1.54,6.75,21463.0,19670.0,-1099381.0,-3.09,0.0,0.0,-1099381.0,-3.09,1150874.0,3.23,-51493.0,-0.14,-12.0,8.666,8.677,365314064.0,3165811679,3165811679,2026-07-17,2026-07-17 15:34:21+08:00
518860,上海金ETF建信,8.332,8.3229,-0.11,-0.058,-0.69,54205.0,45046848.0,8.35,8.352,8.28,8.39,0.86,1.15,2.48,-22.55,26943.0,27262.0,44949.0,0.1,-4154.0,-0.01,49103.0,0.11,-395294.0,-0.88,350346.0,0.78,-68.0,8.331,8.332,472359808.0,3935701920,3935701920,2026-07-17,2026-07-17 16:11:41+08:00
159207,高股息ETF广发,1.13,1.1308,0.07,-0.008,-0.7,936626.0,106982083.069,1.14,1.151,1.129,1.138,1.93,4.92,1.08,79.52,450893.0,485733.0,-10360398.0,-9.68,-11856562.0,-11.08,1496164.0,1.4,3973835.0,3.71,6386563.0,5.97,920.0,1.129,1.13,1902483344.0,2149806179,2149806179,2026-07-17,2026-07-17 15:34:39+08:00
159930,能源ETF汇添富,1.569,1.573,0.25,-0.011,-0.7,474402.0,74896825.6,1.583,1.59,1.568,1.58,1.39,7.46,0.54,87.74,262656.0,211746.0,4305616.0,5.75,9080022.0,12.12,-4774406.0,-6.37,-2578422.0,-3.44,-1727195.0,-2.31,-1178.0,1.569,1.57,635898144.0,997724188,997724188,2026-07-17,2026-07-17 15:34:45+08:00
159798,消费ETF易方达,0.837,0.834,-0.36,-0.006,-0.71,213290.0,17853234.7,0.842,0.848,0.83,0.843,2.14,12.75,1.15,-24.29,98642.0,114648.0,668757.0,3.75,1196744.0,6.7,-527987.0,-2.96,-986914.0,-5.53,318156.0,1.78,804.0,0.834,0.837,167245390.0,139984391,139984391,2026-07-17,2026-07-17 15:34:39+08:00
520900,港股通红利ETF广发,0.959,0.9646,0.58,-0.007,-0.72,818786.0,78646580.0,0.967,0.973,0.952,0.966,2.17,4.83,1.01,5.86,360215.0,458571.0,2546929.0,3.24,-1933491.0,-2.46,4480420.0,5.7,-1606244.0,-2.04,-940685.0,-1.2,-422.0,0.958,0.959,1694675008.0,1625193333,1625193333,2026-07-17,2026-07-17 16:12:00+08:00
159221,现金流ETF嘉实,1.095,1.0942,-0.07,-0.008,-0.73,850552.0,93432033.8,1.103,1.107,1.087,1.103,1.81,7.27,2.21,40.37,468634.0,381918.0,-52080087.0,-55.74,-45363060.0,-48.55,-6717027.0,-7.19,1207084.0,1.29,50873003.0,54.45,50.0,1.095,1.096,1170013232.0,1281164489,1281164489,2026-07-17,2026-07-17 15:34:18+08:00
516130,消费龙头ETF华宝,0.67,0.6678,-0.33,-0.005,-0.74,161813.0,10885534.0,0.678,0.681,0.666,0.675,2.22,1.05,1.18,-6.19,54660.0,107153.0,28074.0,0.26,471401.0,4.33,-443327.0,-4.07,-80134.0,-0.74,52061.0,0.48,-312.0,0.669,0.67,1547890000.0,1037086300,1037086300,2026-07-17,2026-07-17 16:11:51+08:00
159933,金融地产ETF国投瑞银,2.814,2.808,-0.21,-0.021,-0.74,191.0,53866.2,2.836,2.836,2.803,2.835,1.16,0.05,0.31,-4.61,86.0,105.0,-16367.0,-30.38,0.0,0.0,-16367.0,-30.38,10462.0,19.42,5906.0,10.96,1.0,2.808,2.814,36878943.0,103777346,103777346,2026-07-17,2026-07-17 15:34:48+08:00
159222,自由现金流ETF易方达,1.18,1.1804,0.03,-0.009,-0.76,683106.0,80919207.4,1.189,1.195,1.171,1.189,2.02,4.62,1.06,-6.37,327655.0,355451.0,1953832.0,2.41,5214871.0,6.44,-3261039.0,-4.03,-6482280.0,-8.01,4528449.0,5.6,1052.0,1.179,1.18,1477370400.0,1743297072,1743297072,2026-07-17,2026-07-17 15:34:54+08:00
159642,碳中和ETF大成,0.906,0.9019,-0.45,-0.007,-0.77,318.0,28983.1,0.91,0.925,0.897,0.913,3.07,0.14,0.3,-5.62,222.0,96.0,408.0,1.41,0.0,0.0,408.0,1.41,0.0,0.0,-408.0,-1.41,15.0,0.899,0.915,23439923.0,21236570,21236570,2026-07-17,2026-07-17 15:34:45+08:00
159225,现金流ETF银华,1.164,1.1649,0.08,-0.009,-0.77,50494.0,5906902.6,1.177,1.183,1.159,1.173,2.05,1.89,1.27,92.45,29304.0,21190.0,-930903.0,-15.76,-272543.0,-4.61,-658360.0,-11.15,203623.0,3.45,727279.0,12.31,2.0,1.161,1.169,267744804.0,311654952,311654952,2026-07-17,2026-07-17 15:34:30+08:00
159149,创业板新能源ETF工银,0.837,0.8099,-3.35,-0.007,-0.83,141759.0,11672529.3,0.846,0.846,0.805,0.844,4.86,24.65,1.18,16.94,55420.0,86339.0,802169.0,6.87,970696.0,8.32,-168527.0,-1.44,-845348.0,-7.24,43180.0,0.37,10.0,0.835,0.837,57515298.0,48140304,48140304,2026-07-17,2026-07-17 15:34:03+08:00
520660,港股通央企红利ETF南方,0.945,0.95,0.53,-0.008,-0.84,673792.0,63809109.0,0.954,0.959,0.939,0.953,2.1,2.73,0.64,-10.05,294078.0,379714.0,231846.0,0.36,294440.0,0.46,-62594.0,-0.1,-4887.0,-0.01,-226960.0,-0.36,-140.0,0.943,0.945,2465485504.0,2329883801,2329883801,2026-07-17,2026-07-17 16:11:37+08:00
520620,恒生消费ETF嘉实,0.812,0.8154,0.42,-0.007,-0.85,96825.0,7913510.0,0.82,0.832,0.807,0.819,3.05,3.14,0.84,10.48,48517.0,48308.0,318491.0,4.02,-370033.0,-4.68,688524.0,8.7,-136756.0,-1.73,-181735.0,-2.3,-2.0,0.812,0.814,308409008.0,250428114,250428114,2026-07-17,2026-07-17 16:11:52+08:00
563960,300质量ETF兴全,0.929,0.9278,-0.13,-0.008,-0.85,18502.0,1725565.0,0.939,0.939,0.924,0.937,1.6,0.73,0.31,-1.28,7767.0,10735.0,-366854.0,-21.26,0.0,0.0,-366854.0,-21.26,152093.0,8.81,214761.0,12.45,-296.0,0.926,0.929,253512000.0,235512648,235512648,2026-07-17,2026-07-17 16:11:48+08:00
515650,消费50ETF富国,1.04,1.0384,-0.15,-0.009,-0.86,601110.0,62686435.0,1.049,1.056,1.034,1.049,2.1,1.95,0.99,4.96,261953.0,339157.0,-1050164.0,-1.68,2207935.0,3.52,-3258099.0,-5.2,-1148558.0,-1.83,2198721.0,3.51,-5221.0,1.04,1.041,3087184000.0,3210671360,3210671360,2026-07-17,2026-07-17 16:11:54+08:00
515630,证券保险ETF鹏华,1.268,1.2633,-0.37,-0.011,-0.86,640543.0,81784282.0,1.276,1.289,1.261,1.279,2.19,6.33,0.6,-13.28,287747.0,352796.0,-2278790.0,-2.79,-1833050.0,-2.24,-445740.0,-0.55,1623762.0,1.99,655027.0,0.8,-5012.0,1.267,1.268,1011717696.0,1282858039,1282858039,2026-07-17,2026-07-17 16:11:48+08:00
515560,证券ETF建信,1.009,1.0055,-0.35,-0.009,-0.88,182353.0,18583298.0,1.024,1.029,1.005,1.018,2.36,9.36,1.28,-12.29,93922.0,88431.0,178837.0,0.96,507500.0,2.73,-328663.0,-1.77,-431608.0,-2.32,252772.0,1.36,-300.0,1.008,1.009,194883300.0,196637250,196637250,2026-07-17,2026-07-17 16:11:52+08:00
159245,港股通消费ETF富国,0.79,0.7907,0.09,-0.007,-0.88,159937.0,12783315.656,0.798,0.811,0.783,0.797,3.51,23.14,3.27,-74.08,65178.0,94759.0,-143762.0,-1.12,129584.0,1.01,-273346.0,-2.14,34974.0,0.27,108788.0,0.85,1.0,0.789,0.79,69113296.0,54599504,54599504,2026-07-17,2026-07-17 15:34:30+08:00
513590,港股通消费ETF鹏华,0.773,0.7766,0.46,-0.007,-0.9,170380.0,13309720.0,0.781,0.794,0.767,0.78,3.46,13.36,2.45,-3.05,83842.0,86538.0,306394.0,2.3,-208700.0,-1.57,515094.0,3.87,-403298.0,-3.03,96904.0,0.73,-20.0,0.772,0.773,127518900.0,98572110,98572110,2026-07-17,2026-07-17 16:12:02+08:00
563830,全指现金流ETF博时,1.116,1.1128,-0.29,-0.011,-0.98,67339.0,7584371.0,1.116,1.134,1.116,1.127,1.6,4.99,2.2,0.21,41956.0,25383.0,236314.0,3.12,-2582480.0,-34.05,2818794.0,37.17,-228819.0,-3.02,-7493.0,-0.1,-3000.0,1.112,1.116,134896000.0,150543936,150543936,2026-07-17,2026-07-17 16:11:48+08:00
562060,标普A股红利ETF华宝,0.599,0.5983,-0.12,-0.006,-0.99,753964.0,45497799.0,0.605,0.609,0.597,0.605,1.98,1.38,1.04,0.52,313276.0,440688.0,779668.0,1.71,3616819.0,7.95,-2837151.0,-6.24,-724817.0,-1.59,-54851.0,-0.12,-246.0,0.599,0.6,5465792512.0,3274009715,3274009715,2026-07-17,2026-07-17 16:11:56+08:00
510010,180治理ETF交银,1.685,1.6842,-0.05,-0.017,-1.0,2319.0,391385.0,1.717,1.717,1.685,1.702,1.88,0.18,1.89,19.97,2035.0,284.0,-339.0,-0.09,0.0,0.0,-339.0,-0.09,-1696.0,-0.43,2035.0,0.52,3.0,1.679,1.692,131524400.0,221618614,221618614,2026-07-17,2026-07-17 16:11:54+08:00
159268,港股通消费ETF汇添富,0.784,0.7841,0.01,-0.008,-1.01,287273.0,22780282.3,0.793,0.807,0.78,0.792,3.41,6.94,0.84,-4.78,119337.0,167936.0,1520394.0,6.67,300154.0,1.32,1220240.0,5.36,-1592399.0,-6.99,72005.0,0.32,-711.0,0.784,0.785,414055024.0,324619139,324619139,2026-07-17,2026-07-17 15:34:48+08:00
159285,港股通消费ETF华安,0.781,0.7809,-0.01,-0.008,-1.01,142118.0,11156719.9,0.795,0.8,0.775,0.789,3.17,5.65,0.94,-21.33,64716.0,77402.0,69970.0,0.63,1262315.0,11.31,-1192345.0,-10.69,-116129.0,-1.04,46158.0,0.41,1010.0,0.779,0.78,251486680.0,196411097,196411097,2026-07-17,2026-07-17 15:34:00+08:00
510270,国企ETF中银,1.461,1.4656,0.31,-0.015,-1.02,36113.0,5302319.0,1.475,1.475,1.453,1.476,1.49,20.25,1.66,-6.16,17010.0,19103.0,-392943.0,-7.41,-295627.0,-5.58,-97316.0,-1.84,329429.0,6.21,63514.0,1.2,-1000.0,1.463,1.466,17832100.0,26052698,26052698,2026-07-17,2026-07-17 16:11:37+08:00
562080,300现金流ETF华宝,0.577,0.5785,0.26,-0.006,-1.03,441459.0,25578191.0,0.585,0.585,0.575,0.583,1.72,6.95,0.95,-0.12,196821.0,244638.0,1231303.0,4.81,3010941.0,11.77,-1779638.0,-6.96,-1266164.0,-4.95,34861.0,0.14,-18.0,0.578,0.579,634757200.0,366254904,366254904,2026-07-17,2026-07-17 16:12:00+08:00
563620,全指现金流ETF兴业,1.034,1.0317,-0.22,-0.011,-1.05,4036.0,417291.0,1.047,1.047,1.027,1.045,1.91,0.72,0.13,0.27,1537.0,2499.0,-53401.0,-12.8,0.0,0.0,-53401.0,-12.8,77772.0,18.64,-24371.0,-5.84,-290.0,1.032,1.033,56049000.0,57954666,57954666,2026-07-17,2026-07-17 16:11:40+08:00
561570,油气ETF华泰柏瑞,1.223,1.2249,0.16,-0.013,-1.05,225117.0,27734857.0,1.237,1.243,1.215,1.236,2.27,28.44,1.19,12.12,97039.0,128078.0,-124983.0,-0.45,587586.0,2.12,-712569.0,-2.57,115930.0,0.42,9052.0,0.03,405.0,1.223,1.225,79147000.0,96796781,96796781,2026-07-17,2026-07-17 16:11:46+08:00
159233,自由现金流ETF平安,1.136,1.1343,-0.15,-0.012,-1.05,828841.0,94547213.0,1.151,1.157,1.129,1.148,2.44,15.36,1.73,-48.27,292549.0,536292.0,-54200792.0,-57.33,-49778120.0,-52.65,-4422672.0,-4.68,253431.0,0.27,53947360.0,57.06,13.0,1.134,1.136,539623424.0,613012210,613012210,2026-07-17,2026-07-17 15:34:54+08:00
530880,红利国企ETF银河,1.022,1.0247,0.26,-0.011,-1.06,16025.0,1654543.0,1.039,1.04,1.022,1.033,1.74,3.46,0.64,0.77,6101.0,9924.0,73043.0,4.41,0.0,0.0,73043.0,4.41,-69504.0,-4.2,-3538.0,-0.21,-90.0,1.022,1.025,46336000.0,47355392,47355392,2026-07-17,2026-07-17 16:11:40+08:00
516530,物流ETF银华,0.937,0.9344,-0.28,-0.01,-1.06,6174.0,581939.0,0.947,0.951,0.931,0.947,2.11,3.47,0.95,1.03,1949.0,4225.0,-135068.0,-23.21,-48388.0,-8.31,-86680.0,-14.9,37524.0,6.45,97545.0,16.76,50.0,0.934,0.938,17802300.0,16680755,16680755,2026-07-17,2026-07-17 16:11:59+08:00
560560,碳中和ETF泰康,0.645,0.6421,-0.45,-0.007,-1.07,32417.0,2096787.0,0.654,0.656,0.64,0.652,2.45,4.37,1.19,4.23,15230.0,17187.0,108293.0,5.16,324500.0,15.48,-216207.0,-10.31,-84049.0,-4.01,-24244.0,-1.16,-1.0,0.644,0.645,74190100.0,47852615,47852615,2026-07-17,2026-07-17 16:11:46+08:00
159119,800现金流ETF招商,0.923,0.923,0.0,-0.01,-1.07,103102.0,9569308.3,0.938,0.938,0.916,0.933,2.36,6.36,1.2,58.61,42369.0,60733.0,-670857.0,-7.01,-448873.0,-4.69,-221984.0,-2.32,418427.0,4.37,252430.0,2.64,3.0,0.923,0.928,162054229.0,149576053,149576053,2026-07-17,2026-07-17 15:34:48+08:00
516220,化工ETF国泰,0.825,0.8252,0.02,-0.009,-1.08,182847.0,15220957.0,0.834,0.846,0.819,0.834,3.24,6.19,0.72,-6.39,75565.0,107282.0,565631.0,3.72,-290770.0,-1.91,856401.0,5.63,-765649.0,-5.03,200018.0,1.31,-842.0,0.824,0.825,295170000.0,243515250,243515250,2026-07-17,2026-07-17 16:11:40+08:00
560550,碳中和ETF广发,0.918,0.9129,-0.56,-0.01,-1.08,19987.0,1842543.0,0.928,0.929,0.91,0.928,2.05,1.57,3.75,-10.32,9448.0,10539.0,-128260.0,-6.96,107337.0,5.83,-235597.0,-12.79,23689.0,1.29,104572.0,5.68,-10.0,0.917,0.918,127597400.0,117134413,117134413,2026-07-17,2026-07-17 16:11:39+08:00
159619,基建ETF国泰,0.915,0.9139,-0.12,-0.01,-1.08,32999.0,3038313.4,0.928,0.929,0.91,0.925,2.05,4.07,1.12,31.92,18810.0,14189.0,-664660.0,-21.88,-515918.0,-16.98,-148742.0,-4.9,186872.0,6.15,477789.0,15.73,10.0,0.912,0.915,80981007.0,74097621,74097621,2026-07-17,2026-07-17 15:34:06+08:00
159133,化工ETF天弘,1.001,0.9994,-0.16,-0.011,-1.09,378461.0,38246105.614,1.011,1.025,0.993,1.012,3.16,2.25,1.09,6.96,204793.0,173668.0,-2230671.0,-5.83,-3059280.0,-8.0,828609.0,2.17,1536987.0,4.02,693684.0,1.81,-1.0,1.001,1.002,1682413344.0,1684095757,1684095757,2026-07-17,2026-07-17 15:34:33+08:00
563780,现金流全指ETF方正富邦,1.157,1.1537,-0.29,-0.013,-1.11,64197.0,7465167.0,1.174,1.177,1.149,1.17,2.39,1.94,1.0,-23.4,36062.0,28135.0,-1026371.0,-13.75,0.0,0.0,-1026371.0,-13.75,293064.0,3.93,733307.0,9.82,-1260.0,1.155,1.157,331027104.0,382998359,382998359,2026-07-17,2026-07-17 16:11:59+08:00
159689,消费ETF南方,0.62,0.6172,-0.45,-0.007,-1.12,85089.0,5284496.0,0.627,0.633,0.614,0.627,3.03,10.36,2.1,-48.0,27059.0,58030.0,-268245.0,-5.08,382468.0,7.24,-650713.0,-12.31,80262.0,1.52,187984.0,3.56,600.0,0.618,0.62,82147787.0,50931628,50931628,2026-07-17,2026-07-17 15:34:09+08:00
159635,基建ETF华夏,0.968,0.9679,-0.01,-0.011,-1.12,361401.0,35261393.0,0.972,0.988,0.963,0.979,2.55,26.8,1.09,36.0,168372.0,193029.0,-1342318.0,-3.81,-299297.0,-0.85,-1043021.0,-2.96,135030.0,0.38,1207288.0,3.42,-12.0,0.968,0.969,134846980.0,130531877,130531877,2026-07-17,2026-07-17 15:34:48+08:00
512070,证券保险ETF易方达,0.788,0.7879,-0.01,-0.009,-1.13,9739852.0,774443297.0,0.797,0.802,0.785,0.797,2.13,4.95,0.93,18.63,4636455.0,5103397.0,-42072708.0,-5.43,-27299696.0,-3.53,-14773012.0,-1.91,17544388.0,2.27,24528314.0,3.17,-43872.0,0.787,0.788,19687479808.0,15513734089,15513734089,2026-07-17,2026-07-17 16:11:52+08:00
515760,浙江国资ETF华夏,1.31,1.3083,-0.13,-0.015,-1.13,16969.0,2251909.0,1.33,1.333,1.306,1.325,2.04,1.76,0.59,26.15,14099.0,2870.0,-480785.0,-21.35,0.0,0.0,-480785.0,-21.35,359597.0,15.97,121187.0,5.38,-10.0,1.308,1.309,96388100.0,126268411,126268411,2026-07-17,2026-07-17 16:11:39+08:00
159181,石油ETF易方达,0.79,0.7898,-0.03,-0.009,-1.13,115752.0,9202727.9,0.799,0.806,0.785,0.799,2.63,7.8,0.66,2.75,48615.0,67137.0,-309853.0,-3.37,570645.0,6.2,-880498.0,-9.57,-119002.0,-1.29,428854.0,4.66,282.0,0.788,0.79,148405335.0,117240215,117240215,2026-07-17,2026-07-17 15:34:06+08:00
513230,港股通消费ETF华夏,0.869,0.8729,0.45,-0.01,-1.14,1009636.0,89284258.0,0.887,0.948,0.864,0.879,9.56,33.17,2.98,8.08,429744.0,579892.0,-2995637.0,-3.36,-8734570.0,-9.78,5738933.0,6.43,1687178.0,1.89,1308458.0,1.47,-281.0,0.868,0.869,304422704.0,264543330,264543330,2026-07-17,2026-07-17 16:11:53+08:00
512390,中国低波ETF平安,1.217,1.207,-0.83,-0.014,-1.14,63922.0,7774869.0,1.221,1.227,1.203,1.231,1.95,95.66,1.37,18.4,45582.0,18340.0,-312425.0,-4.02,-138996.0,-1.79,-173429.0,-2.23,148984.0,1.92,163442.0,2.1,-2.0,1.213,1.217,6682000.0,8131994,8131994,2026-07-17,2026-07-17 16:11:44+08:00
159885,碳中和ETF鹏华,0.683,0.6845,0.22,-0.008,-1.16,12541.0,861427.5,0.691,0.697,0.681,0.691,2.32,0.51,0.51,-6.61,3438.0,9103.0,53181.0,6.17,0.0,0.0,53181.0,6.17,-187289.0,-21.74,134108.0,15.57,125.0,0.681,0.683,247467316.0,169020177,169020177,2026-07-17,2026-07-17 15:34:06+08:00
159985,豆粕ETF华夏,2.123,2.0501,-3.56,-0.025,-1.16,3940564.0,835842272.32,2.166,2.188,2.072,2.148,5.4,25.86,1.39,29.36,1856542.0,2084022.0,-1166431.0,-0.14,-7199823.0,-0.86,6033392.0,0.72,-7030960.0,-0.84,8197377.0,0.98,-23743.0,2.123,2.124,1523524064.0,3234441588,3234441588,2026-07-17,2026-07-17 15:34:24+08:00
510200,上证券商ETF汇安,1.195,1.1906,-0.37,-0.014,-1.16,84044.0,10100869.0,1.209,1.219,1.19,1.209,2.4,5.34,1.42,14.75,48378.0,35666.0,-759715.0,-7.52,-987657.0,-9.78,227942.0,2.26,198801.0,1.97,560915.0,5.55,-50.0,1.195,1.197,157385500.0,188075673,188075673,2026-07-17,2026-07-17 16:11:55+08:00
560090,证券ETF汇添富,1.18,1.176,-0.34,-0.014,-1.17,1348020.0,160712776.0,1.191,1.204,1.175,1.194,2.43,5.81,1.21,22.7,641123.0,706897.0,-13428020.0,-8.36,-11732295.0,-7.3,-1695725.0,-1.06,6530657.0,4.06,6897362.0,4.29,-5884.0,1.179,1.18,2319365008.0,2736850709,2736850709,2026-07-17,2026-07-17 16:11:36+08:00
159787,建材ETF易方达,0.571,0.5703,-0.12,-0.007,-1.21,24804.0,1423456.0,0.582,0.586,0.565,0.578,3.63,1.87,1.34,-2.44,13578.0,11226.0,-254054.0,-17.85,-434511.0,-30.53,180457.0,12.68,184373.0,12.95,69681.0,4.9,427.0,0.57,0.571,132521633.0,75669852,75669852,2026-07-17,2026-07-17 15:34:54+08:00
563580,自由现金流800ETF万家,1.051,1.0517,0.07,-0.013,-1.22,80750.0,8569792.0,1.054,1.07,1.045,1.064,2.35,3.13,1.08,4.97,34932.0,45818.0,196259.0,2.29,491942.0,5.74,-295683.0,-3.45,-187306.0,-2.19,-8953.0,-0.1,-364.0,1.05,1.051,257648000.0,270788048,270788048,2026-07-17,2026-07-17 16:11:34+08:00
515680,央企创新ETF嘉实,1.614,1.6101,-0.24,-0.02,-1.22,23891.0,3862096.0,1.63,1.636,1.598,1.634,2.33,0.22,0.73,-9.3,8942.0,14949.0,-25920.0,-0.67,813.0,0.02,-26733.0,-0.69,-9318.0,-0.24,35238.0,0.91,-1237.0,1.612,1.614,1100264704.0,1775827232,1775827232,2026-07-17,2026-07-17 16:11:57+08:00
563680,800现金流ETF汇添富,1.131,1.1296,-0.12,-0.014,-1.22,46671.0,5322669.0,1.149,1.149,1.124,1.145,2.18,4.21,1.36,0.0,22158.0,24513.0,454671.0,8.54,572224.0,10.75,-117553.0,-2.21,-395789.0,-7.44,-58883.0,-1.11,-37.0,1.127,1.132,110959000.0,125494629,125494629,2026-07-17,2026-07-17 16:11:43+08:00
561360,石油ETF国泰,1.291,1.2922,0.09,-0.016,-1.22,646175.0,84082925.0,1.303,1.315,1.283,1.307,2.45,4.82,1.17,-16.78,212775.0,433400.0,-5182998.0,-6.16,-3299385.0,-3.92,-1883613.0,-2.24,-373887.0,-0.44,5556886.0,6.61,-705.0,1.291,1.293,1341148000.0,1731422068,1731422068,2026-07-17,2026-07-17 16:11:36+08:00
562300,碳中和ETF银华,0.646,0.6459,-0.02,-0.008,-1.22,11849.0,770547.0,0.654,0.657,0.644,0.654,1.99,2.03,1.32,-0.27,6890.0,4959.0,202051.0,26.22,324500.0,42.11,-122449.0,-15.89,-119604.0,-15.52,-82447.0,-10.7,-1.0,0.646,0.649,58495000.0,37787770,37787770,2026-07-17,2026-07-17 16:11:49+08:00
516200,证券ETF华安,1.051,1.0477,-0.31,-0.013,-1.22,132442.0,14060182.0,1.066,1.074,1.048,1.064,2.44,3.12,1.13,5.7,61185.0,71257.0,-2045544.0,-14.55,-2075569.0,-14.76,30025.0,0.21,659582.0,4.69,1385963.0,9.86,-288.0,1.05,1.051,424604000.0,446258804,446258804,2026-07-17,2026-07-17 16:12:00+08:00
516120,化工ETF富国,0.808,0.8086,0.07,-0.01,-1.22,1111087.0,90844025.0,0.813,0.829,0.802,0.818,3.3,2.12,1.11,-0.16,486782.0,624305.0,3183105.0,3.5,1320578.0,1.45,1862527.0,2.05,-4181482.0,-4.6,998376.0,1.1,-2063.0,0.807,0.808,5246582016.0,4239238269,4239238269,2026-07-17,2026-07-17 16:11:40+08:00
159197,石油ETF招商,0.808,0.8092,0.15,-0.01,-1.22,114074.0,9286867.7,0.818,0.824,0.805,0.818,2.32,25.7,0.86,41.04,48432.0,65642.0,-879521.0,-9.47,-810924.0,-8.73,-68597.0,-0.74,678964.0,7.31,200557.0,2.16,-50.0,0.808,0.809,44388290.0,35865738,35865738,2026-07-17,2026-07-17 15:34:03+08:00
159561,德国ETF嘉实,1.28,1.2941,1.09,-0.016,-1.23,659674.0,84318356.6,1.285,1.285,1.272,1.296,1.0,4.72,1.07,0.3,247390.0,412284.0,-4885002.0,-5.79,1144518.0,1.36,-6029520.0,-7.15,2030055.0,2.41,2854947.0,3.39,3561.0,1.279,1.28,1396499488.0,1787519345,1787519345,2026-07-17,2026-07-17 15:34:15+08:00
159848,证券ETF国联安,0.875,0.8729,-0.24,-0.011,-1.24,52634.0,4650520.5,0.885,0.894,0.873,0.886,2.37,3.5,1.19,-31.03,23585.0,29049.0,-203897.0,-4.38,-589330.0,-12.67,385433.0,8.29,-231542.0,-4.98,435440.0,9.36,-10.0,0.875,0.876,150311239.0,131522334,131522334,2026-07-17,2026-07-17 15:34:54+08:00
159980,有色ETF大成,2.065,2.0708,0.28,-0.026,-1.24,1489183.0,308327436.788,2.083,2.083,2.063,2.091,0.96,6.01,1.06,44.44,634991.0,854192.0,13819933.0,4.48,55695216.0,18.06,-41875283.0,-13.58,-10633392.0,-3.45,-3186541.0,-1.03,-5595.0,2.065,2.066,2476824784.0,5114643179,5114643179,2026-07-17,2026-07-17 15:34:21+08:00
516020,化工ETF华宝,0.792,0.7923,0.04,-0.01,-1.25,1273618.0,102034483.0,0.802,0.812,0.785,0.802,3.37,3.26,1.0,9.45,530516.0,743102.0,-8255341.0,-8.09,-10006022.0,-9.81,1750681.0,1.72,1652907.0,1.62,6602433.0,6.47,-2091.0,0.792,0.793,3906326208.0,3093810357,3093810357,2026-07-17,2026-07-17 16:11:43+08:00
520520,恒生消费ETF华泰柏瑞,0.951,0.9545,0.37,-0.012,-1.25,112908.0,10895183.0,0.976,0.98,0.945,0.963,3.63,21.67,1.74,-12.88,43752.0,69156.0,317432.0,2.91,-355502.0,-3.26,672934.0,6.18,-446738.0,-4.1,129306.0,1.19,-106.0,0.95,0.951,52106000.0,49552806,49552806,2026-07-17,2026-07-17 16:11:55+08:00
520990,港股央企红利ETF景顺,0.937,0.9451,0.86,-0.012,-1.26,2223666.0,208690201.0,0.953,0.954,0.929,0.949,2.63,6.01,1.45,29.35,1124158.0,1099508.0,-4341750.0,-2.08,-21517262.0,-10.31,17175512.0,8.23,495072.0,0.24,3846679.0,1.84,-446.0,0.937,0.938,3697470496.0,3464529855,3464529855,2026-07-17,2026-07-17 16:11:41+08:00
516070,低碳ETF易方达,0.55,0.5502,0.04,-0.007,-1.26,80523.0,4454896.0,0.559,0.561,0.547,0.557,2.51,2.68,0.79,14.35,39896.0,40627.0,-162349.0,-3.64,-1791168.0,-40.21,1628819.0,36.56,61003.0,1.37,101345.0,2.27,-3650.0,0.549,0.55,300646000.0,165355300,165355300,2026-07-17,2026-07-17 16:11:51+08:00
516910,物流ETF富国,1.086,1.0847,-0.12,-0.014,-1.27,137474.0,15003527.0,1.094,1.106,1.081,1.1,2.27,18.67,0.84,3.01,64575.0,72899.0,-839675.0,-5.6,141040.0,0.94,-980715.0,-6.54,683921.0,4.56,155753.0,1.04,5.0,1.084,1.086,73641800.0,79974995,79974995,2026-07-17,2026-07-17 16:11:50+08:00
159235,中证现金流ETF大成,1.17,1.1673,-0.23,-0.015,-1.27,684028.0,80385881.228,1.187,1.194,1.161,1.185,2.78,3.31,1.17,56.93,375002.0,309026.0,-364133.0,-0.45,4623740.0,5.75,-4987873.0,-6.2,-347672.0,-0.43,711804.0,0.89,10.0,1.169,1.17,2065729552.0,2416903576,2416903576,2026-07-17,2026-07-17 15:34:57+08:00
562870,证券ETF嘉实,0.928,0.9277,-0.03,-0.012,-1.28,256177.0,24077981.0,0.935,0.955,0.927,0.94,2.98,4.46,1.26,13.21,123855.0,132322.0,-2386543.0,-9.91,-726819.0,-3.02,-1659724.0,-6.89,417083.0,1.73,1969460.0,8.18,-1929.0,0.928,0.931,575005200.0,533604826,533604826,2026-07-17,2026-07-17 16:11:55+08:00
515090,可持续发展ETF博时,1.378,1.35,-2.07,-0.018,-1.29,30672.0,4209399.0,1.383,1.384,1.341,1.396,3.08,31.29,2.22,29.69,19945.0,10727.0,9459.0,0.22,0.0,0.0,9459.0,0.22,-43500.0,-1.03,34041.0,0.81,-1485.0,1.378,1.38,9801700.0,13506743,13506743,2026-07-17,2026-07-17 16:12:00+08:00
159841,证券ETF天弘,0.995,0.9936,-0.14,-0.013,-1.29,4071670.0,409502356.014,1.007,1.017,0.993,1.008,2.38,3.44,1.14,69.52,1723095.0,2348575.0,-46394300.0,-11.33,-37399486.0,-9.13,-8994814.0,-2.2,23869630.0,5.83,22524671.0,5.5,-19861.0,0.995,0.996,11835438592.0,11776261399,11776261399,2026-07-17,2026-07-17 15:34:24+08:00
561080,全指现金流ETF华安,1.136,1.136,0.0,-0.015,-1.3,32646.0,3730585.0,1.156,1.156,1.132,1.151,2.09,12.93,1.47,1.46,11206.0,21440.0,310509.0,8.32,0.0,0.0,310509.0,8.32,-390308.0,-10.46,79799.0,2.14,-3608.0,1.136,1.139,25250000.0,28684000,28684000,2026-07-17,2026-07-17 16:11:57+08:00
159026,石油ETF南方,0.829,0.8303,0.16,-0.011,-1.31,97080.0,8085602.7,0.841,0.842,0.825,0.84,2.02,19.22,1.31,-23.78,55265.0,41815.0,28437.0,0.35,-24078.0,-0.3,52515.0,0.65,-29180.0,-0.36,742.0,0.01,6.0,0.826,0.83,50513446.0,41875647,41875647,2026-07-17,2026-07-17 15:34:54+08:00
159843,食品饮料ETF招商,0.527,0.5265,-0.09,-0.007,-1.31,188482.0,9995599.2,0.534,0.54,0.525,0.534,2.81,2.95,0.91,36.94,88818.0,99664.0,-39228.0,-0.39,929882.0,9.3,-969110.0,-9.7,-159414.0,-1.59,198642.0,1.99,-1390.0,0.527,0.528,638955136.0,336729357,336729357,2026-07-17,2026-07-17 15:34:27+08:00
159236,自由现金流ETF工银,1.13,1.1311,0.1,-0.015,-1.31,49047.0,5580736.1,1.145,1.15,1.124,1.145,2.27,10.97,0.81,-7.03,22854.0,26193.0,412435.0,7.39,0.0,0.0,412435.0,7.39,-554212.0,-9.93,141776.0,2.54,-140.0,1.129,1.133,44722161.0,50536042,50536042,2026-07-17,2026-07-17 15:34:00+08:00
159060,粮食ETF浦银,0.907,0.905,-0.22,-0.012,-1.31,6863.0,623913.835,0.919,0.929,0.9,0.919,3.16,0.89,0.28,-92.05,604.0,6259.0,549943.0,88.14,0.0,0.0,549943.0,88.14,-459996.0,-73.73,-89946.0,-14.42,-103.0,0.907,0.908,77483423.0,70277465,70277465,2026-07-17,2026-07-17 15:34:24+08:00
512870,杭州湾区ETF南华,1.43,1.3981,-2.28,-0.019,-1.31,3379.0,476742.0,1.449,1.449,1.396,1.449,3.66,1.66,2.52,25.88,297.0,3082.0,177957.0,37.33,0.0,0.0,177957.0,37.33,-158933.0,-33.34,-19024.0,-3.99,8.0,1.396,1.41,20410600.0,29187158,29187158,2026-07-17,2026-07-17 16:12:00+08:00
159520,消费龙头ETF工银,0.903,0.904,0.11,-0.012,-1.31,58982.0,5364301.9,0.915,0.919,0.901,0.915,1.97,3.73,1.49,-18.72,26707.0,32275.0,-412540.0,-7.69,-1125014.0,-20.97,712474.0,13.28,243795.0,4.54,168746.0,3.15,-5.0,0.903,0.906,158177649.0,142834417,142834417,2026-07-17,2026-07-17 15:34:24+08:00
159640,碳中和龙头ETF工银,0.895,0.8962,0.13,-0.012,-1.32,36736.0,3316299.1,0.909,0.91,0.891,0.907,2.09,6.14,1.47,-2.66,14155.0,22581.0,-66649.0,-2.01,0.0,0.0,-66649.0,-2.01,54360.0,1.64,12289.0,0.37,-2.0,0.892,0.899,59845198.0,53561452,53561452,2026-07-17,2026-07-17 15:34:51+08:00
159735,港股消费ETF银华,0.668,0.6703,0.34,-0.009,-1.33,884636.0,59884458.03,0.68,0.687,0.665,0.677,3.25,13.83,1.08,-4.55,394259.0,490377.0,-1720355.0,-2.87,2597033.0,4.34,-4317388.0,-7.21,-165344.0,-0.28,1885699.0,3.15,-1297.0,0.668,0.669,639561376.0,427226999,427226999,2026-07-17,2026-07-17 15:34:24+08:00
516550,农业ETF嘉实,0.668,0.6658,-0.33,-0.009,-1.33,157673.0,10620376.0,0.677,0.681,0.663,0.677,2.66,6.5,1.16,1.63,69580.0,88093.0,-355338.0,-3.35,211505.0,1.99,-566843.0,-5.34,266575.0,2.51,88764.0,0.84,-70.0,0.667,0.668,242414400.0,161932819,161932819,2026-07-17,2026-07-17 16:11:54+08:00
159148,石油ETF富国,0.885,0.8852,0.02,-0.012,-1.34,285867.0,25398967.6,0.896,0.903,0.879,0.897,2.68,12.68,1.25,33.42,113570.0,172297.0,442359.0,1.74,1720465.0,6.77,-1278106.0,-5.03,-901357.0,-3.55,458998.0,1.81,147.0,0.884,0.885,225466601.0,199537942,199537942,2026-07-17,2026-07-17 15:34:51+08:00
513070,港股通消费ETF易方达,1.101,1.1055,0.41,-0.015,-1.34,2710068.0,302089110.0,1.128,1.168,1.094,1.116,6.63,22.33,1.32,-9.75,1299335.0,1410733.0,19558455.0,6.47,4399657.0,1.46,15158798.0,5.02,1616506.0,0.54,-21174961.0,-7.01,-2883.0,1.101,1.102,1213760800.0,1336350641,1336350641,2026-07-17,2026-07-17 16:11:39+08:00
159641,碳中和ETF招商,0.952,0.951,-0.11,-0.013,-1.35,92245.0,8781604.9,0.963,0.968,0.944,0.965,2.49,9.84,1.22,5.71,51736.0,40509.0,-311809.0,-3.55,-1095704.0,-12.48,783895.0,8.93,316535.0,3.6,-4726.0,-0.05,1.0,0.948,0.956,93719131.0,89220613,89220613,2026-07-17,2026-07-17 15:34:30+08:00
159016,证券ETF广发,1.023,1.0197,-0.32,-0.014,-1.35,629359.0,65090783.44,1.031,1.046,1.02,1.037,2.51,17.68,1.35,60.2,294210.0,335148.0,-10776296.0,-16.56,-5997998.0,-9.21,-4778298.0,-7.34,5210324.0,8.0,5565971.0,8.55,-2147.0,1.023,1.024,356040160.0,364229084,364229084,2026-07-17,2026-07-17 15:34:54+08:00
512900,证券ETF南方,1.085,1.0838,-0.11,-0.015,-1.36,642453.0,70574746.0,1.095,1.11,1.083,1.1,2.45,0.85,1.02,6.36,301145.0,341308.0,-2760207.0,-3.91,-10540172.0,-14.93,7779965.0,11.02,382396.0,0.54,2377811.0,3.37,-2655.0,1.085,1.086,7526906112.0,8166693132,8166693132,2026-07-17,2026-07-17 16:11:53+08:00
159309,油气ETF汇添富,1.231,1.2328,0.15,-0.017,-1.36,426858.0,53035666.3,1.251,1.257,1.223,1.248,2.72,7.66,0.8,-36.71,136182.0,290676.0,-11115873.0,-20.96,-3060569.0,-5.77,-8055304.0,-15.19,2134961.0,4.03,8980912.0,16.93,-448.0,1.231,1.233,557371744.0,686124617,686124617,2026-07-17,2026-07-17 15:34:12+08:00
515600,央企创新ETF广发,1.601,1.6005,-0.03,-0.022,-1.36,30086.0,4839665.0,1.623,1.626,1.59,1.623,2.22,0.29,1.02,-0.48,13366.0,16720.0,-15181.0,-0.31,0.0,0.0,-15181.0,-0.31,39966.0,0.83,-24786.0,-0.51,12.0,1.598,1.601,1033797408.0,1655109650,1655109650,2026-07-17,2026-07-17 16:11:43+08:00
516460,现金流ETF800鹏华,1.15,1.1508,0.07,-0.016,-1.37,96853.0,11225126.0,1.171,1.171,1.143,1.166,2.4,2.4,0.99,-0.29,50709.0,46144.0,139248.0,1.24,62192.0,0.55,77056.0,0.69,-195832.0,-1.74,56584.0,0.5,10.0,1.148,1.151,403693008.0,464246959,464246959,2026-07-17,2026-07-17 16:11:45+08:00
515850,证券ETF富国,1.367,1.3644,-0.19,-0.019,-1.37,581690.0,80390295.0,1.386,1.398,1.362,1.386,2.6,13.15,1.1,-15.84,262502.0,319188.0,-6632121.0,-8.25,-5580661.0,-6.94,-1051460.0,-1.31,1265060.0,1.57,5367060.0,6.68,-4158.0,1.366,1.367,442291008.0,604611808,604611808,2026-07-17,2026-07-17 16:11:47+08:00
563390,全指现金流ETF华泰柏瑞,1.156,1.1564,0.03,-0.016,-1.37,314373.0,36611927.0,1.172,1.179,1.15,1.172,2.47,1.65,0.91,-0.31,149132.0,165241.0,-1375187.0,-3.76,1349905.0,3.69,-2725092.0,-7.44,1086261.0,2.97,288925.0,0.79,89.0,1.156,1.158,1900344000.0,2196797664,2196797664,2026-07-17,2026-07-17 16:11:59+08:00
513080,法国ETF华安,1.724,1.7467,1.3,-0.024,-1.37,227851.0,39368057.0,1.737,1.737,1.721,1.748,0.92,3.57,0.91,-16.46,89753.0,138098.0,-4183291.0,-10.63,-2038471.0,-5.18,-2144820.0,-5.45,3001181.0,7.62,1182110.0,3.0,-2049.0,1.723,1.724,638416000.0,1100629184,1100629184,2026-07-17,2026-07-17 16:11:37+08:00
516980,证券先锋ETF华富,1.069,1.0687,-0.03,-0.015,-1.38,62836.0,6775572.0,1.083,1.093,1.066,1.084,2.49,9.38,1.28,0.04,36579.0,26257.0,-86373.0,-1.27,217761.0,3.21,-304134.0,-4.49,-105171.0,-1.55,191544.0,2.83,-1592.0,1.069,1.07,67016000.0,71640104,71640104,2026-07-17,2026-07-17 16:11:44+08:00
563770,全指现金流ETF招商,1.132,1.1329,0.08,-0.016,-1.39,103192.0,11779132.0,1.154,1.154,1.127,1.148,2.35,32.44,1.04,0.19,42313.0,60879.0,751491.0,6.38,1431750.0,12.15,-680259.0,-5.78,-749345.0,-6.36,-2145.0,-0.02,175.0,1.13,1.134,31807000.0,36005524,36005524,2026-07-17,2026-07-17 16:11:55+08:00
515990,一带一路ETF汇添富,1.42,1.419,-0.07,-0.02,-1.39,8879.0,1263468.0,1.44,1.444,1.412,1.44,2.22,1.63,0.37,-0.09,3579.0,5300.0,-117757.0,-9.32,-144353.0,-11.43,26596.0,2.11,108027.0,8.55,9729.0,0.77,1500.0,1.417,1.423,54350200.0,77177284,77177284,2026-07-17,2026-07-17 16:11:33+08:00
159229,自由现金流ETF广发,1.128,1.1303,0.2,-0.016,-1.4,131010.0,14881383.8,1.148,1.15,1.122,1.144,2.45,9.29,1.08,-11.14,57872.0,73138.0,473489.0,3.18,-804638.0,-5.41,1278127.0,8.59,-641978.0,-4.31,168489.0,1.13,-300.0,1.128,1.132,141056022.0,159111193,159111193,2026-07-17,2026-07-17 15:34:45+08:00
513030,德国ETF华安,1.749,1.7685,1.1,-0.025,-1.41,581323.0,101629881.0,1.758,1.762,1.741,1.774,1.18,5.72,1.57,36.48,246779.0,334544.0,7402482.0,7.28,-2075766.0,-2.04,9478248.0,9.33,-4897516.0,-4.82,-2504966.0,-2.46,-3542.0,1.748,1.749,1016279008.0,1777471985,1777471985,2026-07-17,2026-07-17 16:11:55+08:00
159842,券商ETF银华,1.044,1.043,-0.1,-0.015,-1.42,4728834.0,499590300.321,1.057,1.067,1.041,1.059,2.46,4.99,1.26,84.18,2088182.0,2640652.0,-62457263.0,-12.5,-85321869.0,-17.08,22864606.0,4.58,44374503.0,8.88,18082760.0,3.62,14075.0,1.043,1.044,9480250624.0,9897381651,9897381651,2026-07-17,2026-07-17 15:34:51+08:00
159103,金融科技ETF汇添富,0.626,0.6144,-1.89,-0.009,-1.42,124771.0,7849515.983,0.635,0.641,0.614,0.635,4.25,3.78,1.15,-9.81,53042.0,71729.0,-1711799.0,-21.81,-1865570.0,-23.77,153771.0,1.96,955141.0,12.17,756659.0,9.64,17.0,0.62,0.626,330406768.0,206834637,206834637,2026-07-17,2026-07-17 15:34:24+08:00
563760,全指现金流ETF中银,1.109,1.1082,-0.07,-0.016,-1.42,566772.0,63437923.0,1.12,1.131,1.104,1.125,2.4,7.42,0.97,-4.01,245684.0,321088.0,1327553.0,2.09,383339.0,0.6,944214.0,1.49,-1179930.0,-1.86,-147623.0,-0.23,-3.0,1.112,1.113,763913200.0,847179739,847179739,2026-07-17,2026-07-17 16:12:01+08:00
159129,化工ETF嘉实,0.974,0.9742,0.02,-0.014,-1.42,205646.0,20236553.547,0.983,0.998,0.967,0.988,3.14,1.73,0.91,94.56,96968.0,108678.0,-1796122.0,-8.88,-730921.0,-3.61,-1065201.0,-5.26,923831.0,4.57,872291.0,4.31,-200.0,0.974,0.976,1187406592.0,1156534021,1156534021,2026-07-17,2026-07-17 15:34:39+08:00
516900,食品饮料ETF华安,0.483,0.4831,0.02,-0.007,-1.43,155339.0,7582044.0,0.487,0.495,0.481,0.49,2.86,4.34,1.19,-0.74,55053.0,100286.0,-32236.0,-0.43,-77958.0,-1.03,45722.0,0.6,-110373.0,-1.46,142608.0,1.88,-454.0,0.483,0.484,358229008.0,173024611,173024611,2026-07-17,2026-07-17 16:11:51+08:00
512880,证券ETF国泰,1.097,1.096,-0.09,-0.016,-1.44,35489247.0,3938886957.0,1.11,1.123,1.094,1.113,2.61,6.3,1.39,53.18,16836364.0,18652883.0,-273651152.0,-6.95,-415685536.0,-10.55,142034384.0,3.61,185227856.0,4.7,88423292.0,2.24,-182498.0,1.097,1.098,56360291584.0,61827239868,61827239868,2026-07-17,2026-07-17 16:11:53+08:00
563990,800现金流ETF富国,1.166,1.1671,0.09,-0.017,-1.44,115587.0,13552057.0,1.18,1.187,1.159,1.183,2.37,2.88,1.23,-4.7,35218.0,80369.0,2757448.0,20.35,1055375.0,7.79,1702073.0,12.56,-2761346.0,-20.38,3898.0,0.03,1.0,1.164,1.165,401573008.0,468234127,468234127,2026-07-17,2026-07-17 16:11:33+08:00
159038,粮食ETF易方达,0.823,0.821,-0.24,-0.012,-1.44,79865.0,6638101.0,0.83,0.842,0.816,0.835,3.11,4.51,1.13,27.85,34476.0,45389.0,172161.0,2.59,420500.0,6.33,-248339.0,-3.74,-367575.0,-5.54,195413.0,2.94,1.0,0.821,0.824,177026939.0,145693171,145693171,2026-07-17,2026-07-17 15:34:06+08:00
159018,石油ETF广发,0.813,0.8153,0.28,-0.012,-1.45,70053.0,5753763.3,0.822,0.828,0.808,0.825,2.42,22.67,1.22,-68.45,35607.0,34446.0,-257893.0,-4.48,0.0,0.0,-257893.0,-4.48,261222.0,4.54,-3330.0,-0.06,-59.0,0.813,0.815,30904203.0,25125117,25125117,2026-07-17,2026-07-17 15:34:00+08:00
159195,石油ETF华安,0.81,0.8116,0.2,-0.012,-1.46,170242.0,13886982.807,0.823,0.824,0.806,0.822,2.19,18.81,1.09,50.34,81385.0,88857.0,1065142.0,7.67,704323.0,5.07,360819.0,2.6,-1084667.0,-7.81,19526.0,0.14,-1.0,0.81,0.811,90490164.0,73297033,73297033,2026-07-17,2026-07-17 15:34:57+08:00
159199,石油ETF平安,0.804,0.8075,0.43,-0.012,-1.47,17232.0,1391422.007,0.819,0.82,0.8,0.816,2.45,2.36,1.26,32.3,3515.0,13717.0,125137.0,8.99,0.0,0.0,125137.0,8.99,-47806.0,-3.44,-77332.0,-5.56,1.0,0.801,0.804,73154938.0,58816570,58816570,2026-07-17,2026-07-17 15:34:18+08:00
159519,港股国企ETF国泰,1.675,1.678,0.18,-0.025,-1.47,232482.0,39151395.2,1.691,1.714,1.662,1.7,3.06,39.97,0.67,16.84,113036.0,119446.0,-254004.0,-0.65,0.0,0.0,-254004.0,-0.65,828487.0,2.12,-574484.0,-1.47,-134.0,1.675,1.679,58157854.0,97414405,97414405,2026-07-17,2026-07-17 15:34:21+08:00
560120,中证500现金流ETF华夏,1.14,1.1387,-0.11,-0.017,-1.47,184805.0,21329784.0,1.157,1.168,1.136,1.157,2.77,3.16,1.19,0.24,86715.0,98090.0,-83583.0,-0.39,-792235.0,-3.71,708652.0,3.32,-247237.0,-1.16,330819.0,1.55,-75.0,1.138,1.14,584689008.0,666545469,666545469,2026-07-17,2026-07-17 16:12:00+08:00
159862,食品饮料ETF银华,0.532,0.5313,-0.13,-0.008,-1.48,82528.0,4435109.1,0.54,0.545,0.53,0.54,2.78,2.49,1.02,-8.36,31704.0,50824.0,-115970.0,-2.61,-376506.0,-8.49,260536.0,5.87,16663.0,0.38,99308.0,2.24,-715.0,0.532,0.533,331500624.0,176358332,176358332,2026-07-17,2026-07-17 15:34:57+08:00
159790,碳中和ETF华夏,0.667,0.6695,0.37,-0.01,-1.48,446035.0,30119270.7,0.673,0.682,0.664,0.677,2.66,2.74,0.99,20.42,165679.0,280356.0,3736983.0,12.41,6528664.0,21.68,-2791681.0,-9.27,-1105899.0,-3.67,-2631083.0,-8.74,-2000.0,0.667,0.668,1629528480.0,1086895496,1086895496,2026-07-17,2026-07-17 15:34:54+08:00
562330,中证500价值ETF银华,1.198,1.1958,-0.18,-0.018,-1.48,14953.0,1801061.0,1.215,1.216,1.191,1.216,2.06,12.44,0.87,-4.84,5423.0,9530.0,-30492.0,-1.69,11317.0,0.63,-41809.0,-2.32,16280.0,0.9,14210.0,0.79,51.0,1.197,1.201,12018900.0,14398642,14398642,2026-07-17,2026-07-17 16:11:38+08:00
561190,碳中和ETF富国,0.924,0.9233,-0.08,-0.014,-1.49,72225.0,6710367.0,0.936,0.94,0.919,0.938,2.24,3.62,2.01,3.75,43783.0,28442.0,163279.0,2.43,-351378.0,-5.24,514657.0,7.67,-300568.0,-4.48,137289.0,2.05,50.0,0.923,0.926,199318000.0,184169832,184169832,2026-07-17,2026-07-17 16:11:58+08:00
560400,证券ETF华泰柏瑞,0.991,0.9905,-0.05,-0.015,-1.49,337450.0,33883301.0,0.998,1.014,0.991,1.006,2.29,17.81,1.09,-2.86,157576.0,179874.0,-2507322.0,-7.4,-2825725.0,-8.34,318403.0,0.94,470834.0,1.39,2036490.0,6.01,-1583.0,0.991,0.993,189493000.0,187787563,187787563,2026-07-17,2026-07-17 16:11:36+08:00
513810,港股国企ETF华夏,1.648,1.6536,0.34,-0.025,-1.49,130262.0,21619314.0,1.677,1.683,1.638,1.673,2.69,31.02,1.02,-0.15,63998.0,66264.0,729368.0,3.37,0.0,0.0,729368.0,3.37,-769522.0,-3.56,40154.0,0.19,-600.0,1.648,1.651,41992000.0,69202816,69202816,2026-07-17,2026-07-17 16:11:43+08:00
562990,碳中和ETF易方达,0.922,0.9221,0.01,-0.014,-1.5,88320.0,8187549.0,0.936,0.94,0.916,0.936,2.56,2.29,0.98,0.14,34712.0,53608.0,497452.0,6.08,-407387.0,-4.98,904839.0,11.05,-610322.0,-7.45,112871.0,1.38,-120.0,0.922,0.925,385756000.0,355667032,355667032,2026-07-17,2026-07-17 16:11:55+08:00
563150,油气ETF银华,1.179,1.1803,0.11,-0.018,-1.5,66713.0,7915639.0,1.21,1.21,1.173,1.197,3.09,16.93,1.12,6.54,29927.0,36786.0,-105025.0,-1.33,-1780732.0,-22.5,1675707.0,21.17,123553.0,1.56,-18529.0,-0.23,-100.0,1.177,1.179,39399000.0,46451421,46451421,2026-07-17,2026-07-17 16:11:54+08:00
515210,钢铁ETF国泰,1.117,1.112,-0.45,-0.017,-1.5,1143727.0,129436671.0,1.132,1.141,1.111,1.134,2.65,12.56,1.62,-5.73,671290.0,472437.0,4513319.0,3.49,-11576934.0,-8.94,16090253.0,12.43,-1354197.0,-1.05,-3159122.0,-2.44,-331.0,1.116,1.117,910726096.0,1017281049,1017281049,2026-07-17,2026-07-17 16:11:55+08:00
159697,石油ETF鹏华,1.185,1.187,0.17,-0.018,-1.5,407032.0,48595254.2,1.202,1.208,1.18,1.203,2.33,3.66,0.69,-13.67,132752.0,274280.0,-12419858.0,-25.56,-1237136.0,-2.55,-11182722.0,-23.01,2181622.0,4.49,10238237.0,21.07,-300.0,1.185,1.188,1113022000.0,1318931070,1318931070,2026-07-17,2026-07-17 15:34:00+08:00
512000,券商ETF华宝,0.524,0.524,0.0,-0.008,-1.5,29473676.0,1563675351.0,0.53,0.537,0.523,0.532,2.63,3.9,1.11,31.67,13685762.0,15787914.0,-104057536.0,-6.65,-82748272.0,-5.29,-21309264.0,-1.36,72914375.0,4.66,31143158.0,1.99,-216073.0,0.524,0.525,75612635136.0,39621020811,39621020811,2026-07-17,2026-07-17 16:11:51+08:00
159639,碳中和ETF南方,0.911,0.9126,0.18,-0.014,-1.51,85197.0,7853971.921,0.927,0.929,0.907,0.925,2.38,4.07,1.02,-45.3,42302.0,42895.0,-365052.0,-4.65,-288445.0,-3.67,-76607.0,-0.98,306605.0,3.9,58448.0,0.74,-2.0,0.911,0.915,209290171.0,190663346,190663346,2026-07-17,2026-07-17 15:34:21+08:00
515170,食品饮料ETF华夏,0.455,0.4546,-0.09,-0.007,-1.52,3008652.0,137867880.0,0.461,0.466,0.453,0.462,2.81,3.33,1.23,21.44,1573099.0,1435553.0,-19589658.0,-14.21,-8774599.0,-6.36,-10815059.0,-7.84,17699337.0,12.84,1890321.0,1.37,-12090.0,0.454,0.455,9045257984.0,4115592383,4115592383,2026-07-17,2026-07-17 16:11:56+08:00
159188,红利100ETF景顺,0.907,0.9072,0.02,-0.014,-1.52,39134.0,3598997.3,0.929,0.929,0.907,0.921,2.39,5.54,1.76,-54.77,20093.0,19041.0,-156292.0,-4.34,-248508.0,-6.9,92216.0,2.56,80862.0,2.25,75430.0,2.1,-5.0,0.907,0.909,70601882.0,64035907,64035907,2026-07-17,2026-07-17 15:34:12+08:00
159745,建材ETF国泰,0.518,0.5182,0.04,-0.008,-1.52,1157858.0,60692269.3,0.527,0.533,0.513,0.526,3.8,9.84,1.32,5.28,649265.0,508593.0,-3226938.0,-5.32,-6889378.0,-11.35,3662440.0,6.03,2068386.0,3.41,1158553.0,1.91,-410.0,0.518,0.519,1176688272.0,609524525,609524525,2026-07-17,2026-07-17 15:34:09+08:00
516950,基建ETF银华,1.007,1.0068,-0.02,-0.016,-1.56,80035.0,8133827.0,1.026,1.026,1.002,1.023,2.35,6.62,0.86,1.9,39747.0,40288.0,-621732.0,-7.64,416493.0,5.12,-1038225.0,-12.76,6035.0,0.07,615697.0,7.57,-71.0,1.007,1.009,120821000.0,121666747,121666747,2026-07-17,2026-07-17 16:11:45+08:00
159827,农业ETF银华,0.755,0.7544,-0.08,-0.012,-1.56,49781.0,3771765.1,0.767,0.771,0.749,0.767,2.87,5.49,1.71,-68.42,32675.0,17106.0,53344.0,1.41,1306939.0,34.65,-1253595.0,-33.24,3452.0,0.09,-56796.0,-1.51,16.0,0.754,0.755,90716463.0,68490930,68490930,2026-07-17,2026-07-17 15:34:06+08:00
159699,恒生消费ETF广发,0.882,0.8881,0.69,-0.014,-1.56,495519.0,44208893.7,0.896,0.908,0.88,0.896,3.13,9.68,1.52,-12.42,212712.0,282807.0,1086926.0,2.46,419362.0,0.95,667564.0,1.51,-1311258.0,-2.97,224332.0,0.51,-3185.0,0.882,0.884,511664256.0,451287874,451287874,2026-07-17,2026-07-17 15:34:00+08:00
516750,建材ETF富国,0.566,0.5649,-0.19,-0.009,-1.57,153990.0,8750645.0,0.574,0.582,0.561,0.575,3.65,10.15,1.04,1.42,100048.0,53942.0,-21552.0,-0.25,-389276.0,-4.45,367724.0,4.2,-52431.0,-0.6,73983.0,0.85,-408.0,0.565,0.566,151667300.0,85843692,85843692,2026-07-17,2026-07-17 16:11:50+08:00
159993,证券ETF鹏华,1.191,1.1895,-0.13,-0.019,-1.57,1228274.0,147807687.296,1.205,1.216,1.187,1.21,2.4,3.15,1.14,40.83,469731.0,758543.0,-3814337.0,-2.58,7240142.0,4.9,-11054479.0,-7.48,477341.0,0.32,3336996.0,2.26,-5963.0,1.191,1.192,3899697984.0,4644540299,4644540299,2026-07-17,2026-07-17 15:34:54+08:00
159910,基本面120ETF嘉实,2.302,2.3006,-0.06,-0.037,-1.58,9739.0,2254074.8,2.335,2.342,2.292,2.339,2.14,1.17,1.56,-36.9,2900.0,6839.0,-219978.0,-9.76,0.0,0.0,-219978.0,-9.76,91654.0,4.07,128324.0,5.69,2.0,2.293,2.311,82906143.0,190849941,190849941,2026-07-17,2026-07-17 15:34:36+08:00
159265,港股消费ETF鹏华,0.81,0.8128,0.34,-0.013,-1.58,233347.0,19119010.3,0.827,0.833,0.806,0.823,3.28,12.82,1.03,0.86,109008.0,124339.0,575537.0,3.01,1795264.0,9.39,-1219727.0,-6.38,-677517.0,-3.54,101980.0,0.53,-95.0,0.81,0.812,181950894.0,147380224,147380224,2026-07-17,2026-07-17 15:34:30+08:00
560820,中证A50ETF新华,1.182,1.172,-0.85,-0.019,-1.58,3428.0,404971.0,1.189,1.191,1.165,1.201,2.16,0.84,11.79,1.18,646.0,2782.0,-100695.0,-24.86,0.0,0.0,-100695.0,-24.86,58630.0,14.48,42065.0,10.39,127.0,1.17,1.178,40926000.0,48374532,48374532,2026-07-17,2026-07-17 16:11:46+08:00
159588,石油ETF景顺,1.121,1.1254,0.39,-0.018,-1.58,186886.0,21088636.8,1.138,1.146,1.117,1.139,2.55,4.08,0.84,15.34,79392.0,107494.0,-373864.0,-1.77,2511009.0,11.91,-2884873.0,-13.68,-129846.0,-0.62,503710.0,2.39,-263.0,1.121,1.125,458284864.0,513737333,513737333,2026-07-17,2026-07-17 15:34:54+08:00
159587,粮食ETF广发,1.055,1.0518,-0.3,-0.017,-1.59,134951.0,14367542.5,1.072,1.081,1.048,1.072,3.08,9.15,1.12,43.26,65754.0,69197.0,-1026772.0,-7.15,524452.0,3.65,-1551224.0,-10.8,304862.0,2.12,721911.0,5.02,312.0,1.053,1.055,147447031.0,155556618,155556618,2026-07-17,2026-07-17 15:34:18+08:00
561870,现金流全指ETF华富,1.116,1.1189,0.26,-0.018,-1.59,27199.0,3057503.0,1.139,1.139,1.114,1.134,2.2,2.5,0.78,-3.19,13052.0,14147.0,78358.0,2.56,0.0,0.0,78358.0,2.56,-18611.0,-0.61,-59747.0,-1.95,-5.0,1.116,1.119,108765000.0,121381740,121381740,2026-07-17,2026-07-17 16:11:46+08:00
159260,证券ETF博时,0.866,0.865,-0.12,-0.014,-1.59,144542.0,12652182.71,0.878,0.885,0.864,0.88,2.39,1.27,0.89,-12.1,64930.0,79612.0,-1114190.0,-8.81,48811.0,0.39,-1163001.0,-9.19,213062.0,1.68,901128.0,7.12,-784.0,0.866,0.868,1136213584.0,983960964,983960964,2026-07-17,2026-07-17 15:34:42+08:00
159672,消费ETF博时,0.615,0.6136,-0.23,-0.01,-1.6,133484.0,8267567.4,0.621,0.63,0.612,0.625,2.88,9.9,1.57,55.75,74022.0,59462.0,-299330.0,-3.62,1302866.0,15.76,-1602196.0,-19.38,186706.0,2.26,112625.0,1.36,117.0,0.613,0.615,134887409.0,82955757,82955757,2026-07-17,2026-07-17 15:34:39+08:00
159189,石油ETF华夏,0.792,0.7946,0.33,-0.013,-1.61,170391.0,13636471.692,0.805,0.811,0.79,0.805,2.61,13.73,1.02,31.0,60587.0,109804.0,1318137.0,9.67,-960207.0,-7.04,2278344.0,16.71,-1248704.0,-9.16,-69433.0,-0.51,-300.0,0.793,0.795,124083187.0,98273884,98273884,2026-07-17,2026-07-17 15:34:24+08:00
159031,粮食ETF博时,0.856,0.8554,-0.07,-0.014,-1.61,38660.0,3331719.806,0.873,0.877,0.85,0.87,3.1,0.77,1.47,31.12,11017.0,27642.0,50244.0,1.51,967316.0,29.03,-917072.0,-27.53,-69846.0,-2.1,19602.0,0.59,116.0,0.855,0.866,504028624.0,431448502,431448502,2026-07-17,2026-07-17 15:34:03+08:00
512570,证券ETF易方达,1.102,1.1022,0.02,-0.018,-1.61,2323787.0,259510045.0,1.118,1.129,1.101,1.12,2.5,5.76,1.16,14.19,1076762.0,1247025.0,-37060861.0,-14.28,-32544291.0,-12.54,-4516570.0,-1.74,16688073.0,6.43,20372789.0,7.85,-20653.0,1.101,1.102,4031806096.0,4443050318,4443050318,2026-07-17,2026-07-17 16:11:49+08:00
515900,央企创新ETF博时,1.593,1.5937,0.04,-0.026,-1.61,47305.0,7598828.0,1.62,1.628,1.582,1.619,2.84,0.21,0.54,-44.33,24152.0,23153.0,-465094.0,-6.12,261046.0,3.44,-726140.0,-9.56,164070.0,2.16,301024.0,3.96,-200.0,1.593,1.594,2241046496.0,3569987068,3569987068,2026-07-17,2026-07-17 16:11:37+08:00
