代码,名称,最新价,IOPV实时估值,基金折价率,涨跌额,涨跌幅,成交量,成交额,开盘价,最高价,最低价,昨收,振幅,换手率,量比,委比,外盘,内盘,主力净流入-净额,主力净流入-净占比,超大单净流入-净额,超大单净流入-净占比,大单净流入-净额,大单净流入-净占比,中单净流入-净额,中单净流入-净占比,小单净流入-净额,小单净流入-净占比,现手,买一,卖一,最新份额,流通市值,总市值,数据日期,更新时间
159259,成长ETF易方达,1.596,1.5838,-0.77,0.12,8.13,5233417.0,804900481.247,1.476,1.596,1.476,1.476,8.13,15.07,1.47,82.32,2228655.0,3004762.0,-32244204.0,-4.01,-9060624.0,-1.13,-23183580.0,-2.88,14799828.0,1.84,17444377.0,2.17,-60165.0,1.596,1.597,3473696400.0,5544019454,5544019454,2026-07-14,2026-07-14 15:34:30+08:00
513350,标普油气ETF富国,1.263,1.1735,-7.63,0.082,6.94,29655590.0,3681580186.0,1.24,1.264,1.225,1.181,3.3,367.14,1.73,27.21,15550467.0,14105123.0,-6947456.0,-0.19,-52741744.0,-1.43,45794288.0,1.24,3230720.0,0.09,3716736.0,0.1,-303464.0,1.263,1.264,807746000.0,1020183198,1020183198,2026-07-14,2026-07-14 16:11:49+08:00
515050,通信ETF华夏,1.235,1.2214,-1.11,0.076,6.56,22469454.0,2694671684.0,1.159,1.235,1.143,1.159,7.94,12.36,1.52,47.11,12319637.0,10149818.0,-21494304.0,-0.8,-150617760.0,-5.59,129123456.0,4.79,70813184.0,2.63,-49318896.0,-1.83,-358433.0,1.235,1.236,18173205504.0,22443908797,22443908797,2026-07-14,2026-07-14 16:11:35+08:00
588070,科创成长ETF万家,2.683,2.673,-0.37,0.164,6.51,54790.0,14341419.0,2.516,2.683,2.495,2.519,7.46,20.72,1.97,-42.21,27179.0,27611.0,-2755183.0,-19.21,534142.0,3.72,-3289325.0,-22.94,1920777.0,13.39,834406.0,5.82,-1017.0,2.683,2.685,26437000.0,70930471,70930471,2026-07-14,2026-07-14 16:11:35+08:00
159994,通信ETF银华,1.51,1.4941,-1.06,0.092,6.49,2969953.0,431522722.12,1.423,1.51,1.399,1.418,7.83,7.65,0.71,79.1,1562507.0,1407446.0,17532419.0,4.06,29344946.0,6.8,-11812527.0,-2.74,-2647591.0,-0.61,-14884828.0,-3.45,-26073.0,1.51,1.511,3880003360.0,5858805074,5858805074,2026-07-14,2026-07-14 15:34:42+08:00
560860,工业有色ETF万家,1.553,1.5516,-0.09,0.093,6.37,6512021.0,975511926.0,1.458,1.553,1.448,1.46,7.19,11.26,3.1,9.74,2544025.0,3967996.0,344804344.0,35.35,446329864.0,45.75,-101525520.0,-10.41,-51940447.0,-5.32,-292863892.0,-30.02,-26332.0,1.553,1.554,5781232896.0,8978254687,8978254687,2026-07-14,2026-07-14 16:11:56+08:00
159032,工业有色ETF易方达,0.859,0.857,-0.23,0.051,6.31,233986.0,19585886.152,0.805,0.859,0.802,0.808,7.05,8.83,1.43,15.96,133707.0,100279.0,1442427.0,7.36,2552452.0,13.03,-1110025.0,-5.67,-545348.0,-2.78,-897078.0,-4.58,4321.0,0.858,0.859,264845019.0,227501871,227501871,2026-07-14,2026-07-14 15:34:18+08:00
560970,工业有色ETF平安,0.914,0.9125,-0.16,0.054,6.28,37749.0,3337195.0,0.86,0.914,0.854,0.86,6.98,4.65,0.89,-6.49,29340.0,8409.0,101077.0,3.03,0.0,0.0,101077.0,3.03,146794.0,4.4,-247872.0,-7.43,-1614.0,0.912,0.914,81138000.0,74160132,74160132,2026-07-14,2026-07-14 16:11:43+08:00
560870,工业有色ETF中银,0.893,0.8928,-0.02,0.052,6.18,112760.0,9707002.0,0.837,0.893,0.835,0.841,6.9,10.7,2.04,-12.05,59522.0,53238.0,-4023.0,-0.04,-693778.0,-7.15,689755.0,7.11,64106.0,0.66,-60083.0,-0.62,-374.0,0.893,0.895,105351900.0,94079247,94079247,2026-07-14,2026-07-14 16:11:51+08:00
159157,有色金属ETF天弘,0.809,0.8089,-0.01,0.047,6.17,1786460.0,139615247.559,0.762,0.809,0.756,0.762,6.96,2.09,1.19,31.0,1057027.0,729433.0,18588380.0,13.31,15085614.0,10.81,3502766.0,2.51,-10131877.0,-7.26,-8456504.0,-6.06,16487.0,0.808,0.809,8535758848.0,6905428908,6905428908,2026-07-14,2026-07-14 15:34:42+08:00
159880,有色ETF鹏华,1.823,1.8241,0.06,0.104,6.05,269471.0,47804947.1,1.717,1.823,1.703,1.719,6.98,4.37,1.23,-25.34,149878.0,119593.0,3561283.0,7.45,3262786.0,6.83,298497.0,0.62,204065.0,0.43,-3765347.0,-7.88,1534.0,1.822,1.823,616051520.0,1123061921,1123061921,2026-07-14,2026-07-14 15:34:51+08:00
159967,创业板成长ETF华夏,0.935,0.9306,-0.47,0.053,6.01,18498042.0,1667593575.776,0.882,0.935,0.874,0.882,6.92,32.87,1.75,-15.39,12545036.0,5953006.0,-97463728.0,-5.84,-183137776.0,-10.98,85674048.0,5.14,63138241.0,3.79,34325487.0,2.06,-129910.0,0.935,0.936,5627105792.0,5261343916,5261343916,2026-07-14,2026-07-14 15:34:21+08:00
561330,矿业ETF国泰,0.9,0.8991,-0.1,0.051,6.01,889412.0,77064252.0,0.84,0.9,0.838,0.849,7.3,5.12,1.77,-4.03,477016.0,412396.0,6210208.0,8.06,1629805.0,2.11,4580403.0,5.94,-3285265.0,-4.26,-2924942.0,-3.8,-9089.0,0.9,0.901,1737392096.0,1563652886,1563652886,2026-07-14,2026-07-14 16:11:55+08:00
589700,科创成长ETF南方,2.604,2.5979,-0.23,0.147,5.98,22152.0,5591757.0,2.448,2.604,2.408,2.457,7.98,15.5,1.03,-42.69,12460.0,9692.0,737163.0,13.18,328176.0,5.87,408987.0,7.31,-394563.0,-7.06,-342600.0,-6.13,-43.0,2.6,2.604,14291000.0,37213764,37213764,2026-07-14,2026-07-14 16:12:01+08:00
159162,工业有色ETF鹏华,0.799,0.7997,0.09,0.045,5.97,194879.0,15169717.347,0.76,0.799,0.746,0.754,7.03,3.94,0.96,-0.67,111867.0,83012.0,3658967.0,24.12,5253116.0,34.63,-1594149.0,-10.51,-1940005.0,-12.79,-1718963.0,-11.33,4489.0,0.797,0.799,494939840.0,395456932,395456932,2026-07-14,2026-07-14 15:34:51+08:00
560290,有色ETF景顺,0.771,0.7702,-0.1,0.043,5.91,213932.0,16192601.0,0.728,0.772,0.72,0.728,7.14,5.76,0.83,-6.65,97700.0,116232.0,-890814.0,-5.5,2878150.0,17.77,-3768964.0,-23.28,706118.0,4.36,184695.0,1.14,-96.0,0.77,0.771,371694000.0,286576074,286576074,2026-07-14,2026-07-14 16:11:39+08:00
588110,科创成长ETF广发,3.04,3.041,0.03,0.169,5.89,192578.0,56531004.0,2.875,3.05,2.833,2.871,7.56,11.34,0.81,45.95,109903.0,82675.0,-166166.0,-0.29,-1894597.0,-3.35,1728431.0,3.06,-400286.0,-0.71,566451.0,1.0,-251.0,3.039,3.04,169758000.0,516064320,516064320,2026-07-14,2026-07-14 16:11:57+08:00
159690,有色矿业ETF招商,1.833,1.836,0.16,0.101,5.83,162666.0,28700008.2,1.72,1.834,1.711,1.732,7.1,5.31,1.12,56.02,89296.0,73370.0,4636332.0,16.15,7208577.0,25.12,-2572245.0,-8.96,-1910184.0,-6.66,-2726148.0,-9.5,422.0,1.83,1.833,306163984.0,561198583,561198583,2026-07-14,2026-07-14 15:34:06+08:00
159811,5GETF博时,3.498,3.4758,-0.64,0.192,5.81,140051.0,47594358.0,3.312,3.498,3.272,3.306,6.84,17.26,1.04,65.61,71129.0,68922.0,4314272.0,9.06,1392399.0,2.93,2921873.0,6.14,-2868165.0,-6.03,-1446107.0,-3.04,-376.0,3.498,3.5,81143393.0,283839589,283839589,2026-07-14,2026-07-14 15:34:15+08:00
159168,有色ETF富国,0.84,0.842,0.24,0.046,5.79,595826.0,48951508.714,0.79,0.84,0.786,0.794,6.8,10.59,1.31,-62.12,287551.0,308275.0,6363940.0,13.0,7892428.0,16.12,-1528488.0,-3.12,-2767823.0,-5.65,-3596117.0,-7.35,4449.0,0.839,0.84,562455056.0,472462247,472462247,2026-07-14,2026-07-14 15:34:15+08:00
159163,有色ETF泰康,0.714,0.7145,0.07,0.039,5.78,117490.0,8148147.565,0.675,0.714,0.669,0.675,6.67,4.39,1.25,7.69,83054.0,34436.0,709877.0,8.71,605462.0,7.43,104415.0,1.28,-136985.0,-1.68,-572892.0,-7.03,833.0,0.713,0.714,267807013.0,191214207,191214207,2026-07-14,2026-07-14 15:34:18+08:00
560490,工业有色ETF华泰柏瑞,0.919,0.9214,0.26,0.05,5.75,116655.0,10401839.0,0.868,0.919,0.861,0.869,6.67,9.08,0.99,6.84,78854.0,37801.0,1046022.0,10.06,826737.0,7.95,219285.0,2.11,-367504.0,-3.53,-678519.0,-6.52,-299.0,0.919,0.92,128482000.0,118074958,118074958,2026-07-14,2026-07-14 16:11:58+08:00
515880,通信ETF国泰,0.78,0.7798,-0.03,0.042,5.69,88171485.0,6695385246.0,0.741,0.78,0.727,0.738,7.18,12.6,1.24,33.66,48218980.0,39952506.0,434366768.0,6.49,419118752.0,6.26,15248016.0,0.23,-235464816.0,-3.52,-198901952.0,-2.97,-869566.0,0.78,0.781,69979774976.0,54584224481,54584224481,2026-07-14,2026-07-14 16:11:56+08:00
159029,有色ETF广发,0.855,0.856,0.12,0.046,5.69,263258.0,21893090.651,0.81,0.856,0.799,0.809,7.05,7.09,0.87,-52.27,172788.0,90470.0,6805513.0,31.09,8298618.0,37.91,-1493105.0,-6.82,-4525203.0,-20.67,-2280310.0,-10.42,4788.0,0.854,0.855,371127712.0,317314194,317314194,2026-07-14,2026-07-14 15:34:12+08:00
560470,有色ETF易方达,0.836,0.8347,-0.16,0.045,5.69,125927.0,10176276.0,0.79,0.836,0.781,0.791,6.95,4.14,0.98,1.08,83998.0,41929.0,2367589.0,23.27,2388077.0,23.47,-20488.0,-0.2,-1306450.0,-12.84,-1061139.0,-10.43,-1687.0,0.835,0.836,304340000.0,254428240,254428240,2026-07-14,2026-07-14 16:11:41+08:00
512400,有色金属ETF南方,1.774,1.7719,-0.12,0.095,5.66,6742199.0,1160795248.0,1.667,1.774,1.658,1.679,6.91,5.46,1.31,29.46,3551111.0,3191087.0,146375216.0,12.61,71707568.0,6.18,74667648.0,6.43,-27752600.0,-2.39,-118622621.0,-10.22,-106478.0,1.773,1.774,12358039040.0,21923161257,21923161257,2026-07-14,2026-07-14 16:12:02+08:00
512940,有色ETF华安,0.784,0.7854,0.18,0.042,5.66,649940.0,49000081.0,0.74,0.785,0.733,0.742,7.01,2.97,1.31,-4.13,336774.0,313166.0,5212544.0,10.64,4856897.0,9.91,355647.0,0.73,-3396411.0,-6.93,-1816133.0,-3.71,-664.0,0.784,0.785,2191705008.0,1718296726,1718296726,2026-07-14,2026-07-14 16:11:44+08:00
588020,科创成长ETF易方达,1.038,1.0371,-0.09,0.055,5.6,3597998.0,359514515.0,0.983,1.041,0.966,0.983,7.63,24.09,1.67,8.63,1745139.0,1852859.0,-8525610.0,-2.37,-31273344.0,-8.7,22747734.0,6.33,5772889.0,1.61,2752721.0,0.77,-11697.0,1.038,1.039,1493373008.0,1550121182,1550121182,2026-07-14,2026-07-14 16:11:51+08:00
159652,有色ETF汇添富,1.517,1.5164,-0.04,0.08,5.57,1053260.0,154226921.48,1.425,1.518,1.418,1.437,6.96,5.12,0.85,-38.46,596296.0,456964.0,14329455.0,9.29,4788323.0,3.1,9541132.0,6.19,-2116779.0,-1.37,-12212677.0,-7.92,6276.0,1.516,1.517,2056320288.0,3119437877,3119437877,2026-07-14,2026-07-14 15:34:51+08:00
159171,工业有色ETF博时,0.776,0.7769,0.12,0.04,5.43,81875.0,6178069.406,0.734,0.776,0.727,0.736,6.66,3.4,0.99,-49.67,57063.0,24812.0,1367918.0,22.14,1966071.0,31.82,-598153.0,-9.68,-720032.0,-11.65,-647886.0,-10.49,280.0,0.775,0.776,240532934.0,186653557,186653557,2026-07-14,2026-07-14 15:34:18+08:00
159906,深成长ETF大成,2.001,2.0001,-0.04,0.103,5.43,181400.0,35006648.18,1.897,2.004,1.884,1.898,6.32,9.67,2.14,85.8,127249.0,54151.0,3185706.0,9.1,870125.0,2.49,2315581.0,6.61,-2418953.0,-6.91,-766752.0,-2.19,-415.0,2.001,2.002,187639725.0,375467090,375467090,2026-07-14,2026-07-14 15:34:06+08:00
159049,有色ETF工银,0.944,0.9474,0.36,0.048,5.36,175650.0,16112422.267,0.893,0.95,0.882,0.896,7.59,7.95,0.96,-91.84,127075.0,48575.0,1431201.0,8.88,1258186.0,7.81,173015.0,1.07,-997828.0,-6.19,-433373.0,-2.69,51.0,0.942,0.944,221073319.0,208693213,208693213,2026-07-14,2026-07-14 15:34:24+08:00
516650,有色金属ETF华夏,1.711,1.7134,0.14,0.087,5.36,1085763.0,179691309.0,1.61,1.712,1.602,1.624,6.77,2.05,0.99,-35.2,678123.0,407640.0,14278477.0,7.95,-5607361.0,-3.12,19885838.0,11.07,-981943.0,-0.55,-13296534.0,-7.4,-5711.0,1.711,1.712,5306464768.0,9079361218,9079361218,2026-07-14,2026-07-14 16:11:41+08:00
159871,有色ETF银华,0.893,0.8929,-0.01,0.044,5.18,536709.0,46727250.8,0.84,0.894,0.838,0.849,6.6,4.8,1.0,-12.37,263087.0,273622.0,12973427.0,27.76,7455602.0,15.96,5517825.0,11.81,-9704639.0,-20.77,-3268787.0,-7.0,5744.0,0.892,0.893,1117232512.0,997688633,997688633,2026-07-14,2026-07-14 15:34:39+08:00
159719,国企ETF平安,1.565,1.5164,-3.2,0.077,5.17,69763.0,10508901.1,1.495,1.565,1.488,1.488,5.17,26.63,2.27,15.69,51096.0,18667.0,-2005791.0,-19.09,0.0,0.0,-2005791.0,-19.09,-1727365.0,-16.44,3733155.0,35.52,19.0,1.518,1.565,26195986.0,40996718,40996718,2026-07-14,2026-07-14 15:34:54+08:00
510410,资源ETF博时,1.878,1.8778,-0.01,0.092,5.15,220572.0,40352987.0,1.791,1.88,1.786,1.786,5.26,5.14,2.21,56.9,151973.0,68599.0,20110108.0,49.84,21820584.0,54.07,-1710476.0,-4.24,-6683083.0,-16.56,-13427025.0,-33.27,-107.0,1.877,1.878,429258400.0,806147275,806147275,2026-07-14,2026-07-14 16:12:02+08:00
159913,深价值ETF交银,2.452,2.4242,-1.15,0.119,5.1,3263.0,782051.1,2.399,2.454,2.358,2.333,4.11,1.46,2.03,80.94,2577.0,686.0,100518.0,12.85,0.0,0.0,100518.0,12.85,-72166.0,-9.23,-28353.0,-3.63,5.0,2.429,2.452,22329693.0,54752407,54752407,2026-07-14,2026-07-14 15:34:12+08:00
159881,有色金属ETF国泰,0.855,0.8559,0.11,0.041,5.04,189496.0,15646019.5,0.813,0.855,0.803,0.814,6.39,10.22,1.08,-44.52,94590.0,94906.0,2000541.0,12.79,1533823.0,9.8,466718.0,2.98,-1244960.0,-7.96,-755582.0,-4.83,1442.0,0.854,0.855,185499166.0,158601787,158601787,2026-07-14,2026-07-14 15:34:27+08:00
159876,有色ETF华宝,0.918,0.9199,0.21,0.043,4.91,1948466.0,173543394.3,0.871,0.918,0.861,0.875,6.51,12.05,2.28,-41.59,579148.0,1369318.0,5352035.0,3.08,61336724.0,35.34,-55984689.0,-32.26,-3403409.0,-1.96,-1948627.0,-1.12,-2233.0,0.918,0.919,1616977024.0,1484384908,1484384908,2026-07-14,2026-07-14 15:34:42+08:00
159383,创业板50ETF华泰柏瑞,1.94,1.9179,-1.15,0.09,4.86,73205.0,13765839.7,1.868,1.94,1.832,1.85,5.84,19.74,1.62,82.89,43005.0,30200.0,-647488.0,-4.7,2019720.0,14.67,-2667208.0,-19.38,470433.0,3.42,177055.0,1.29,-1230.0,1.94,1.944,37092486.0,71959423,71959423,2026-07-14,2026-07-14 15:34:36+08:00
159106,民企300ETF前海开源,1.15,1.1357,-1.26,0.053,4.83,18593.0,2092909.048,1.113,1.15,1.104,1.097,4.19,4.95,2.47,-6.52,11897.0,6696.0,209178.0,9.99,0.0,0.0,209178.0,9.99,-171568.0,-8.2,-37610.0,-1.8,1.0,1.146,1.15,37579488.0,43216411,43216411,2026-07-14,2026-07-14 15:34:39+08:00
159178,消费电子ETF汇添富,1.255,1.2451,-0.8,0.057,4.76,161562.0,19697808.3,1.196,1.285,1.176,1.198,9.1,22.62,0.9,21.38,91739.0,69823.0,-777681.0,-3.95,1045023.0,5.31,-1822704.0,-9.25,-98897.0,-0.5,876578.0,4.45,-2667.0,1.255,1.256,71432994.0,89648407,89648407,2026-07-14,2026-07-14 15:34:21+08:00
510170,大宗商品ETF国联安,1.317,1.3187,0.13,0.059,4.69,396063.0,50893886.0,1.26,1.317,1.259,1.258,4.61,10.56,2.15,-50.97,299193.0,96870.0,10666253.0,20.96,12040498.0,23.66,-1374245.0,-2.7,-3323738.0,-6.53,-7342515.0,-14.43,-122.0,1.317,1.318,374914800.0,493762792,493762792,2026-07-14,2026-07-14 16:11:48+08:00
517520,黄金股ETF永赢,1.736,1.7318,-0.24,0.077,4.64,6781939.0,1139084025.0,1.623,1.744,1.62,1.659,7.47,12.53,2.56,-67.19,3983848.0,2798091.0,-253419114.0,-22.25,-393893450.0,-34.58,140474336.0,12.33,-524906.0,-0.05,253944017.0,22.29,-13316.0,1.736,1.737,5410904064.0,9393329455,9393329455,2026-07-14,2026-07-14 16:11:33+08:00
159322,黄金股ETF平安,1.399,1.398,-0.07,0.061,4.56,67990.0,9263170.2,1.326,1.399,1.308,1.338,6.8,5.46,0.8,14.23,42137.0,25853.0,1007559.0,10.88,0.0,0.0,1007559.0,10.88,-249773.0,-2.7,-757786.0,-8.18,1170.0,1.396,1.399,124411691.0,174051956,174051956,2026-07-14,2026-07-14 15:34:00+08:00
159944,材料ETF广发,1.434,1.4353,0.09,0.062,4.52,100383.0,13973958.1,1.379,1.434,1.362,1.372,5.25,24.13,1.6,4.08,73585.0,26798.0,5241363.0,37.51,0.0,0.0,5241363.0,37.51,1039979.0,7.44,-6281342.0,-44.95,-94.0,1.434,1.435,41608342.0,59666362,59666362,2026-07-14,2026-07-14 15:34:06+08:00
159945,能源ETF广发,1.288,1.2814,-0.52,0.055,4.46,120676.0,15303201.9,1.24,1.288,1.24,1.233,3.89,19.13,1.38,59.62,70782.0,49894.0,-812890.0,-5.31,-1282000.0,-8.38,469110.0,3.07,442532.0,2.89,370359.0,2.42,1239.0,1.287,1.288,63072327.0,81237157,81237157,2026-07-14,2026-07-14 15:34:09+08:00
159508,生物医药ETF华安,0.798,0.7949,-0.39,0.034,4.45,333796.0,26103400.9,0.77,0.798,0.755,0.764,5.63,33.77,2.5,18.91,186137.0,147659.0,-2759475.0,-10.57,-1799240.0,-6.89,-960235.0,-3.68,1507185.0,5.77,1252290.0,4.8,3040.0,0.797,0.798,98831598.0,78867615,78867615,2026-07-14,2026-07-14 15:34:42+08:00
159732,消费电子ETF华夏,1.634,1.6276,-0.39,0.069,4.41,4492073.0,713869567.921,1.561,1.644,1.535,1.565,6.96,16.4,1.13,28.89,2027502.0,2464571.0,-755195.0,-0.11,42050501.0,5.89,-42805696.0,-6.0,14535947.0,2.04,-13780755.0,-1.93,-27107.0,1.634,1.635,2739447904.0,4476257875,4476257875,2026-07-14,2026-07-14 15:34:00+08:00
159507,通信ETF广发,0.974,0.9707,-0.34,0.041,4.39,1266758.0,120319187.7,0.933,0.976,0.916,0.933,6.43,14.27,1.06,37.24,700387.0,566371.0,-2956104.0,-2.46,3838745.0,3.19,-6794849.0,-5.65,7231545.0,6.01,-4275441.0,-3.55,-13321.0,0.974,0.975,887830896.0,864747293,864747293,2026-07-14,2026-07-14 15:34:45+08:00
159779,消费电子ETF招商,1.741,1.7332,-0.45,0.073,4.38,114316.0,19272609.0,1.666,1.741,1.627,1.668,6.83,8.29,0.93,-63.73,53919.0,60397.0,1934655.0,10.04,789854.0,4.1,1144801.0,5.94,-887677.0,-4.61,-1046979.0,-5.43,-795.0,1.741,1.742,137869337.0,240030516,240030516,2026-07-14,2026-07-14 15:34:03+08:00
517400,黄金股ETF国泰,1.363,1.3668,0.28,0.057,4.36,354131.0,46996440.0,1.276,1.366,1.276,1.306,6.89,3.85,0.73,30.46,195348.0,158783.0,4476737.0,9.53,-710469.0,-1.51,5187206.0,11.04,-765968.0,-1.63,-3710770.0,-7.9,-2581.0,1.363,1.364,920792000.0,1255039496,1255039496,2026-07-14,2026-07-14 16:11:58+08:00
159671,稀有金属ETF工银,1.347,1.3491,0.16,0.056,4.34,785199.0,102694310.785,1.291,1.347,1.279,1.291,5.27,8.54,1.38,13.35,468906.0,316293.0,663633.0,0.65,5472742.0,5.33,-4809109.0,-4.68,-5039515.0,-4.91,4375881.0,4.26,2630.0,1.346,1.347,919551744.0,1238636199,1238636199,2026-07-14,2026-07-14 15:34:57+08:00
159062,稀有金属ETF南方,0.842,0.8416,-0.05,0.035,4.34,175302.0,14421703.19,0.806,0.843,0.8,0.807,5.33,14.83,1.26,23.28,133137.0,42165.0,1252393.0,8.68,-406043.0,-2.82,1658436.0,11.5,-856940.0,-5.94,-395453.0,-2.74,393.0,0.841,0.842,118201256.0,99525458,99525458,2026-07-14,2026-07-14 15:34:30+08:00
159053,稀有金属ETF华夏,0.919,0.9194,0.04,0.038,4.31,206869.0,18483052.6,0.881,0.919,0.874,0.881,5.11,12.87,0.78,-47.48,111984.0,94885.0,1114084.0,6.03,24058.0,0.13,1090026.0,5.9,-639916.0,-3.46,-474167.0,-2.57,-724.0,0.919,0.92,160698132.0,147681583,147681583,2026-07-14,2026-07-14 15:34:18+08:00
159909,TMT50ETF招商,1.529,1.5301,0.07,0.063,4.3,113732.0,16943971.877,1.466,1.531,1.443,1.466,6.0,2.28,1.11,-16.1,68369.0,45363.0,2812954.0,16.6,2980378.0,17.59,-167424.0,-0.99,-3109562.0,-18.35,296608.0,1.75,-577.0,1.529,1.53,499062000.0,763065798,763065798,2026-07-14,2026-07-14 15:34:51+08:00
512770,战略新兴ETF华夏,2.965,2.939,-0.88,0.122,4.29,38889.0,11243041.0,2.837,2.965,2.803,2.843,5.7,3.9,1.15,-53.15,20339.0,18550.0,355998.0,3.17,776851.0,6.91,-420853.0,-3.74,-34550.0,-0.31,-321447.0,-2.86,-324.0,2.963,2.965,99767800.0,295811527,295811527,2026-07-14,2026-07-14 16:11:53+08:00
159810,创业板ETF浦银,1.557,1.5523,-0.3,0.064,4.29,37053.0,5655167.5,1.52,1.557,1.484,1.493,4.89,7.64,1.39,3.76,13608.0,23445.0,324118.0,5.73,-230234.0,-4.07,554352.0,9.8,-564457.0,-9.98,240338.0,4.25,208.0,1.552,1.557,48475458.0,75476288,75476288,2026-07-14,2026-07-14 15:34:21+08:00
562950,消费电子ETF易方达,1.878,1.872,-0.32,0.076,4.22,800276.0,145436320.0,1.801,1.878,1.758,1.802,6.66,7.51,0.88,-48.66,439882.0,360394.0,21438168.0,14.74,26776106.0,18.41,-5337938.0,-3.67,4023698.0,2.77,-25461866.0,-17.51,-6831.0,1.878,1.879,1066258304.0,2002433095,2002433095,2026-07-14,2026-07-14 16:11:33+08:00
159562,黄金股ETF华夏,1.88,1.8818,0.1,0.076,4.21,1127771.0,205618103.9,1.775,1.881,1.76,1.804,6.71,5.17,1.4,-0.99,715011.0,412759.0,17965105.0,8.74,48312619.0,23.5,-30347514.0,-14.76,-9992632.0,-4.86,-7972473.0,-3.88,8409.0,1.879,1.88,2182130512.0,4102405363,4102405363,2026-07-14,2026-07-14 15:34:12+08:00
561310,消电ETF国泰,0.867,0.8641,-0.34,0.035,4.21,230851.0,19449624.0,0.831,0.867,0.81,0.832,6.85,22.67,1.44,9.51,128124.0,102727.0,-862354.0,-4.43,26017.0,0.13,-888371.0,-4.57,892970.0,4.59,-30617.0,-0.16,-887.0,0.866,0.867,101833100.0,88289298,88289298,2026-07-14,2026-07-14 16:12:02+08:00
159367,创业板50ETF华夏,1.939,1.9393,0.02,0.078,4.19,134163.0,25427006.2,1.857,1.94,1.846,1.861,5.05,10.81,1.27,-20.56,74549.0,59614.0,2469273.0,9.71,-1412900.0,-5.56,3882173.0,15.27,-286502.0,-1.13,-2182771.0,-8.58,-1069.0,1.939,1.94,124079029.0,240589237,240589237,2026-07-14,2026-07-14 15:34:42+08:00
159197,石油ETF招商,0.854,0.8479,-0.72,0.034,4.15,189051.0,15802551.1,0.831,0.902,0.825,0.82,9.39,39.89,1.36,-17.34,99125.0,89926.0,-1146371.0,-7.25,-83.0,0.0,-1146288.0,-7.25,737853.0,4.67,408519.0,2.59,124.0,0.853,0.854,47388290.0,40469600,40469600,2026-07-14,2026-07-14 15:34:33+08:00
159814,创业大盘ETF西部利得,0.805,0.8035,-0.19,0.032,4.14,1161090.0,91150157.6,0.771,0.805,0.766,0.773,5.05,24.18,1.24,-26.75,776563.0,384527.0,1893456.0,2.08,2140118.0,2.35,-246662.0,-0.27,-1312280.0,-1.44,-581175.0,-0.64,4384.0,0.804,0.805,480246528.0,386598455,386598455,2026-07-14,2026-07-14 15:34:18+08:00
159315,黄金股ETF工银,1.41,1.4151,0.36,0.056,4.14,147814.0,20371797.323,1.34,1.415,1.323,1.354,6.79,7.41,1.06,-42.04,89975.0,57838.0,861997.0,4.23,1062831.0,5.22,-200834.0,-0.99,150650.0,0.74,-1012647.0,-4.97,666.0,1.408,1.41,199589621.0,281421366,281421366,2026-07-14,2026-07-14 15:34:33+08:00
159981,能源化工ETF建信,1.508,1.5085,0.03,0.06,4.14,5034413.0,757720718.084,1.503,1.519,1.489,1.448,2.07,29.18,1.85,-13.87,2670407.0,2364006.0,-42143737.0,-5.56,-57445337.0,-7.58,15301600.0,2.02,44666582.0,5.89,-2522843.0,-0.33,-13846.0,1.508,1.509,1725536960.0,2602109736,2602109736,2026-07-14,2026-07-14 15:34:27+08:00
159695,通信ETF嘉实,3.191,3.1885,-0.08,0.127,4.14,471606.0,147040455.32,3.063,3.192,3.006,3.064,6.07,14.34,1.4,50.37,308769.0,162837.0,6441321.0,4.38,8477084.0,5.77,-2035763.0,-1.38,7248465.0,4.93,-13689786.0,-9.31,-2032.0,3.191,3.192,328812080.0,1049239347,1049239347,2026-07-14,2026-07-14 15:34:09+08:00
561800,稀有金属ETF华富,1.033,1.0323,-0.07,0.041,4.13,363112.0,36358648.0,0.992,1.033,0.98,0.992,5.34,16.61,1.29,1.42,256107.0,107005.0,13035470.0,35.85,8242631.0,22.67,4792839.0,13.18,-5610512.0,-15.43,-7424959.0,-20.42,-846.0,1.032,1.033,218577200.0,225790248,225790248,2026-07-14,2026-07-14 16:11:34+08:00
159518,标普油气ETF嘉实,1.138,1.1186,-1.73,0.045,4.12,13070383.0,1478881157.308,1.128,1.144,1.123,1.093,1.92,79.68,1.63,-50.47,7049815.0,6020568.0,-81399600.0,-5.5,-42548560.0,-2.88,-38851040.0,-2.63,76698480.0,5.19,4701109.0,0.32,-136508.0,1.138,1.139,1640325376.0,1866690278,1866690278,2026-07-14,2026-07-14 15:34:51+08:00
561100,消费电子ETF富国,1.948,1.9464,-0.08,0.077,4.12,562228.0,106200645.0,1.871,1.956,1.825,1.871,7.0,8.72,1.21,20.08,327074.0,235154.0,16830834.0,15.85,6571846.0,6.19,10258988.0,9.66,-18862810.0,-17.76,2031975.0,1.91,-5434.0,1.947,1.948,644746896.0,1255966953,1255966953,2026-07-14,2026-07-14 16:11:57+08:00
515220,煤炭ETF国泰,1.166,1.1647,-0.11,0.046,4.11,11581250.0,1335679251.0,1.123,1.172,1.117,1.12,4.91,9.17,1.64,-11.03,6442484.0,5138766.0,68710272.0,5.14,-134318720.0,-10.06,203028992.0,15.2,-23724562.0,-1.78,-44985718.0,-3.37,-73175.0,1.165,1.166,12625176832.0,14720956186,14720956186,2026-07-14,2026-07-14 16:11:45+08:00
515910,质量ETF中金,0.688,0.6901,0.3,0.027,4.08,61191.0,4100293.0,0.664,0.688,0.663,0.661,3.78,2.62,1.52,-12.02,25447.0,35744.0,267449.0,6.52,1460965.0,35.63,-1193516.0,-29.11,-151944.0,-3.71,-115506.0,-2.82,-125.0,0.688,0.689,233507000.0,160652816,160652816,2026-07-14,2026-07-14 16:11:42+08:00
562800,稀有金属ETF嘉实,0.954,0.9561,0.22,0.037,4.03,4401643.0,410658078.0,0.915,0.957,0.908,0.917,5.34,8.05,1.4,-0.35,2538929.0,1862713.0,12166548.0,2.96,20743811.0,5.05,-8577263.0,-2.09,-8940046.0,-2.18,-3226502.0,-0.79,-33592.0,0.954,0.955,5467045120.0,5215561044,5215561044,2026-07-14,2026-07-14 16:11:41+08:00
561600,消费电子ETF平安,1.788,1.7916,0.2,0.069,4.01,223706.0,38945036.0,1.718,1.795,1.68,1.719,6.69,12.27,0.88,-10.82,121841.0,101865.0,-1106655.0,-2.84,-848225.0,-2.18,-258430.0,-0.66,1890089.0,4.85,-783433.0,-2.01,-656.0,1.787,1.788,182274000.0,325905912,325905912,2026-07-14,2026-07-14 16:11:49+08:00
159153,消费电子ETF鹏华,1.425,1.4183,-0.47,0.055,4.01,185041.0,25609673.532,1.363,1.427,1.341,1.37,6.28,19.33,1.02,33.68,100821.0,84220.0,1923500.0,7.51,-509975.0,-1.99,2433475.0,9.5,-1777726.0,-6.94,-145775.0,-0.57,-1029.0,1.425,1.426,95725988.0,136409533,136409533,2026-07-14,2026-07-14 15:34:39+08:00
159055,稀有金属ETF富国,0.936,0.9374,0.15,0.036,4.0,107097.0,9780466.347,0.9,0.936,0.89,0.9,5.11,8.28,0.87,-26.3,54752.0,52345.0,1220944.0,12.48,2125035.0,21.73,-904091.0,-9.24,-653091.0,-6.68,-567853.0,-5.81,-589.0,0.936,0.937,129293952.0,121019139,121019139,2026-07-14,2026-07-14 15:34:21+08:00
159608,稀有金属ETF广发,1.099,1.0997,0.06,0.042,3.97,1312838.0,140595229.3,1.046,1.099,1.044,1.057,5.2,4.02,0.85,21.68,653426.0,659412.0,5895363.0,4.19,6457029.0,4.59,-561666.0,-0.4,-1743611.0,-1.24,-4151750.0,-2.95,10154.0,1.098,1.099,3263210064.0,3586267860,3586267860,2026-07-14,2026-07-14 15:34:33+08:00
159293,创业板综增强ETF建信,1.14,1.1403,0.03,0.043,3.92,82279.0,9218979.2,1.101,1.141,1.093,1.097,4.38,38.89,1.35,9.98,39834.0,42445.0,89170.0,0.97,128396.0,1.39,-39226.0,-0.43,-98044.0,-1.06,8874.0,0.1,-51.0,1.14,1.142,21159397.0,24121713,24121713,2026-07-14,2026-07-14 15:34:51+08:00
159321,黄金股ETF华安,1.326,1.329,0.23,0.05,3.92,290862.0,37394999.0,1.249,1.328,1.241,1.276,6.82,7.47,0.82,-80.68,177497.0,113365.0,2459048.0,6.58,63596.0,0.17,2395452.0,6.41,-794881.0,-2.13,-1664168.0,-4.45,1931.0,1.325,1.326,389400400.0,516344930,516344930,2026-07-14,2026-07-14 15:34:57+08:00
563090,上证50增强ETF易方达,1.416,1.412,-0.28,0.053,3.89,51981.0,7171728.0,1.369,1.416,1.364,1.363,3.82,9.31,0.78,11.51,26580.0,25401.0,962389.0,13.42,-57130.0,-0.8,1019519.0,14.22,-88937.0,-1.24,-873451.0,-12.18,-124.0,1.416,1.417,55848000.0,79080768,79080768,2026-07-14,2026-07-14 16:11:51+08:00
159991,创业板大盘ETF招商,0.916,0.9191,0.34,0.034,3.85,95615.0,8579820.038,0.874,0.917,0.87,0.882,5.33,9.85,0.94,-47.43,55764.0,39851.0,1696422.0,19.77,740544.0,8.63,955878.0,11.14,-1655585.0,-19.3,-40838.0,-0.48,1150.0,0.915,0.916,97063172.0,88909866,88909866,2026-07-14,2026-07-14 15:34:33+08:00
159681,创业板50ETF鹏华,1.812,1.8137,0.09,0.067,3.84,775742.0,137136605.1,1.745,1.812,1.725,1.745,4.99,7.65,1.04,-12.8,366003.0,409739.0,-3420424.0,-2.49,-1613808.0,-1.18,-1806616.0,-1.32,7238471.0,5.28,-3818048.0,-2.78,1606.0,1.811,1.812,1013772336.0,1836955473,1836955473,2026-07-14,2026-07-14 15:34:24+08:00
159949,创业板50ETF华安,1.841,1.8415,0.03,0.068,3.84,16951846.0,3054734551.426,1.774,1.844,1.752,1.773,5.19,14.76,1.29,-9.39,8217910.0,8733937.0,157598336.0,5.16,217338288.0,7.11,-59739952.0,-1.96,-86901712.0,-2.84,-70696640.0,-2.31,-69304.0,1.841,1.842,11482785024.0,21139807229,21139807229,2026-07-14,2026-07-14 15:34:15+08:00
159372,创业板50ETF万家,2.06,2.0618,0.09,0.075,3.78,38097.0,7646646.0,1.966,2.065,1.966,1.985,4.99,6.87,1.43,-46.03,23343.0,14754.0,-1127237.0,-14.74,-1348504.0,-17.64,221267.0,2.89,1467822.0,19.2,-340586.0,-4.45,48.0,2.054,2.06,55451588.0,114230271,114230271,2026-07-14,2026-07-14 15:34:27+08:00
561050,稀有金属ETF易方达,0.88,0.8802,0.02,0.032,3.77,320541.0,27402205.0,0.843,0.88,0.835,0.848,5.31,13.02,1.33,33.19,215343.0,105198.0,9419035.0,34.37,2507950.0,9.15,6911085.0,25.22,-3343043.0,-12.2,-6075991.0,-22.17,-1108.0,0.88,0.881,246250000.0,216700000,216700000,2026-07-14,2026-07-14 16:11:36+08:00
159859,生物医药ETF天弘,0.385,0.3848,-0.05,0.014,3.77,7137282.0,269833671.4,0.37,0.386,0.366,0.371,5.39,5.76,1.19,-49.93,4511662.0,2625620.0,18651594.0,6.91,41238037.0,15.28,-22586443.0,-8.37,-15055442.0,-5.58,-3596151.0,-1.33,-41168.0,0.385,0.386,12388039936.0,4769395375,4769395375,2026-07-14,2026-07-14 15:34:21+08:00
159682,创业板50ETF景顺,1.791,1.7901,-0.05,0.065,3.77,2670375.0,467640101.7,1.723,1.791,1.705,1.726,4.98,9.34,1.25,-74.95,1369771.0,1300604.0,-6492446.0,-1.39,-31463098.0,-6.73,24970652.0,5.34,8526252.0,1.82,-2033806.0,-0.43,6935.0,1.79,1.791,2858307664.0,5119229026,5119229026,2026-07-14,2026-07-14 15:34:03+08:00
159839,生物医药ETF汇添富,0.358,0.3574,-0.17,0.013,3.77,2491882.0,87519056.4,0.343,0.358,0.34,0.345,5.22,7.78,1.2,-59.45,1497267.0,994615.0,4005094.0,4.58,9169072.0,10.48,-5163978.0,-5.9,-3001165.0,-3.43,-1003928.0,-1.15,13742.0,0.357,0.358,3203235168.0,1146758190,1146758190,2026-07-14,2026-07-14 15:34:30+08:00
159369,创业板50ETF易方达,1.577,1.5764,-0.04,0.057,3.75,221584.0,34160326.0,1.516,1.577,1.502,1.52,4.93,7.13,1.44,68.73,141573.0,80011.0,-737275.0,-2.16,-7666366.0,-22.44,6929091.0,20.28,1768399.0,5.18,-1031125.0,-3.02,1506.0,1.576,1.577,310753488.0,490058251,490058251,2026-07-14,2026-07-14 15:34:21+08:00
515000,科技ETF华宝,1.522,1.5155,-0.43,0.055,3.75,1835857.0,273707352.0,1.463,1.524,1.434,1.467,6.13,6.12,0.89,-35.12,924283.0,911574.0,-44776149.0,-16.36,-14981718.0,-5.47,-29794431.0,-10.89,6253640.0,2.28,38522510.0,14.07,-10718.0,1.521,1.522,3000579296.0,4566881689,4566881689,2026-07-14,2026-07-14 16:11:53+08:00
159970,深100ETF工银,1.112,1.1125,0.04,0.04,3.73,3921.0,425032.1,1.079,1.112,1.072,1.072,3.73,3.75,0.46,73.75,3452.0,469.0,-37074.0,-8.72,0.0,0.0,-37074.0,-8.72,26132.0,6.15,10942.0,2.57,1.0,1.11,1.114,10468704.0,11641199,11641199,2026-07-14,2026-07-14 15:34:24+08:00
512220,TMTETF景顺,4.53,4.5112,-0.42,0.163,3.73,88568.0,39022250.0,4.353,4.54,4.257,4.367,6.48,4.47,0.83,-26.84,41846.0,46722.0,-1439289.0,-3.69,-1387917.0,-3.56,-51372.0,-0.13,-1243961.0,-3.19,2683250.0,6.88,-249.0,4.529,4.53,197967600.0,896793228,896793228,2026-07-14,2026-07-14 16:11:44+08:00
159189,石油ETF华夏,0.834,0.8308,-0.39,0.03,3.73,206007.0,16872448.78,0.808,0.834,0.808,0.804,3.23,16.21,1.04,58.84,108014.0,97993.0,-87310.0,-0.52,-81636.0,-0.48,-5674.0,-0.03,-209263.0,-1.24,296574.0,1.76,1641.0,0.832,0.834,127083187.0,105987378,105987378,2026-07-14,2026-07-14 15:34:09+08:00
159371,创业板50ETF富国,1.928,1.933,0.26,0.069,3.71,43647.0,8252908.3,1.859,1.933,1.84,1.859,5.0,2.59,0.68,-8.76,26186.0,17461.0,557718.0,6.76,251127.0,3.04,306591.0,3.71,-163439.0,-1.98,-394279.0,-4.78,-169.0,1.928,1.931,168221172.0,324330420,324330420,2026-07-14,2026-07-14 15:34:24+08:00
159964,创业板ETF平安,2.526,2.5272,0.05,0.09,3.69,478041.0,118370881.2,2.443,2.528,2.41,2.436,4.84,24.71,15.85,83.94,154243.0,323798.0,77178712.0,65.2,84256488.0,71.18,-7077776.0,-5.98,-78517504.0,-66.33,1338791.0,1.13,-336.0,2.526,2.528,193481881.0,488735231,488735231,2026-07-14,2026-07-14 15:34:18+08:00
563560,科技成长ETF兴业,1.382,1.3806,-0.1,0.049,3.68,74215.0,9980418.0,1.335,1.384,1.308,1.333,5.7,12.63,1.07,38.48,46376.0,27839.0,519684.0,5.21,0.0,0.0,519684.0,5.21,-480283.0,-4.81,-39401.0,-0.39,-175.0,1.382,1.383,58769000.0,81218758,81218758,2026-07-14,2026-07-14 16:11:50+08:00
159370,创50ETF工银,2.04,2.0453,0.26,0.072,3.66,39696.0,7875467.0,1.961,2.042,1.94,1.968,5.18,2.18,0.93,13.44,9740.0,29956.0,228425.0,2.9,225888.0,2.87,2537.0,0.03,-205591.0,-2.61,-22833.0,-0.29,-14.0,2.04,2.042,182316009.0,371924658,371924658,2026-07-14,2026-07-14 15:34:18+08:00
159930,能源ETF汇添富,1.614,1.6129,-0.07,0.057,3.66,1878112.0,300752042.0,1.561,1.616,1.561,1.557,3.53,36.26,3.05,-2.92,1437116.0,440996.0,-55391780.0,-18.42,-31939274.0,-10.62,-23452506.0,-7.8,38461027.0,12.79,16930754.0,5.63,-1910.0,1.614,1.615,517898144.0,835887604,835887604,2026-07-14,2026-07-14 15:34:15+08:00
159583,通信ETF富国,1.903,1.9005,-0.13,0.067,3.65,4111043.0,761902963.6,1.836,1.903,1.783,1.836,6.54,17.43,1.03,72.44,2148217.0,1962826.0,-46600476.0,-6.12,-87443276.0,-11.48,40842800.0,5.36,31989380.0,4.2,14611111.0,1.92,-21824.0,1.903,1.904,2358592896.0,4488402281,4488402281,2026-07-14,2026-07-14 15:34:36+08:00
159808,创100ETF融通,1.49,1.4915,0.1,0.052,3.62,47905.0,7007005.1,1.45,1.492,1.425,1.438,4.66,9.68,1.79,97.83,25505.0,22400.0,792228.0,11.31,0.0,0.0,792228.0,11.31,-763877.0,-10.9,-28351.0,-0.4,2.0,1.487,1.49,49484790.0,73732337,73732337,2026-07-14,2026-07-14 15:34:18+08:00
159939,信息技术ETF广发,1.315,1.2988,-1.25,0.046,3.62,852626.0,109102850.428,1.267,1.315,1.224,1.269,7.17,10.69,1.17,56.21,406686.0,445940.0,-15208283.0,-13.94,-911923.0,-0.84,-14296360.0,-13.1,65927.0,0.06,15142357.0,13.88,-1240.0,1.315,1.316,797656112.0,1048917787,1048917787,2026-07-14,2026-07-14 15:34:21+08:00
159667,工业母机ETF国泰,0.774,0.7733,-0.09,0.027,3.61,3226688.0,244777045.3,0.74,0.779,0.728,0.747,6.83,9.27,0.87,-49.71,1820469.0,1406219.0,-35592564.0,-14.54,-22225888.0,-9.08,-13366676.0,-5.46,24235117.0,9.9,11357447.0,4.64,14917.0,0.773,0.774,3480050720.0,2693559257,2693559257,2026-07-14,2026-07-14 15:34:33+08:00
560900,创新药ETF摩根,0.946,0.9442,-0.19,0.033,3.61,356437.0,32996590.0,0.901,0.946,0.898,0.913,5.26,15.04,0.98,-16.69,212784.0,143653.0,2256056.0,6.84,759889.0,2.3,1496167.0,4.53,-647214.0,-1.96,-1608842.0,-4.88,-8555.0,0.945,0.946,236969100.0,224172769,224172769,2026-07-14,2026-07-14 16:11:43+08:00
159216,深证100ETF大成,1.585,1.5866,0.1,0.055,3.59,25371.0,3910722.3,1.546,1.585,1.525,1.53,3.92,26.57,1.16,7.56,14950.0,10421.0,131620.0,3.37,0.0,0.0,131620.0,3.37,-327441.0,-8.37,195821.0,5.01,200.0,1.582,1.585,9548250.0,15133976,15133976,2026-07-14,2026-07-14 15:34:48+08:00
159663,机床ETF华夏,1.157,1.1538,-0.28,0.04,3.58,1335002.0,149156372.5,1.106,1.162,1.086,1.117,6.8,30.0,1.13,31.46,666380.0,668622.0,5335461.0,3.58,-530815.0,-0.36,5866276.0,3.93,-4145388.0,-2.78,-1190074.0,-0.8,-2089.0,1.157,1.158,445035168.0,514905689,514905689,2026-07-14,2026-07-14 15:34:12+08:00
159821,创业板ETF中银证券,1.45,1.4491,-0.06,0.05,3.57,26177.0,3712295.9,1.402,1.45,1.385,1.4,4.64,4.71,1.53,-64.61,11961.0,14216.0,836737.0,22.54,11822.0,0.32,824915.0,22.22,-629708.0,-16.96,-207029.0,-5.58,143.0,1.449,1.45,55520000.0,80504000,80504000,2026-07-14,2026-07-14 15:34:24+08:00
159597,创业板成长ETF易方达,0.902,0.9022,0.02,0.031,3.56,523379.0,46257768.0,0.871,0.904,0.859,0.871,5.17,6.23,1.58,12.2,229134.0,294245.0,769278.0,1.66,5847813.0,12.64,-5078535.0,-10.98,-678394.0,-1.47,-90885.0,-0.2,-617.0,0.902,0.903,840757136.0,758362937,758362937,2026-07-14,2026-07-14 15:34:27+08:00
516080,创新药ETF易方达,0.698,0.6966,-0.2,0.024,3.56,5119428.0,349847267.0,0.673,0.699,0.661,0.674,5.64,11.52,1.16,-4.63,2921233.0,2198195.0,-2514643.0,-0.72,-14442071.0,-4.13,11927428.0,3.41,993913.0,0.28,1520730.0,0.43,-54320.0,0.698,0.699,4442554880.0,3100903306,3100903306,2026-07-14,2026-07-14 16:11:59+08:00
159199,石油ETF平安,0.845,0.8453,0.04,0.029,3.55,13730.0,1141769.85,0.824,0.845,0.822,0.816,2.82,1.88,0.76,17.4,6560.0,7170.0,-99454.0,-8.71,0.0,0.0,-99454.0,-8.71,255003.0,22.33,-155549.0,-13.62,-52.0,0.845,0.846,73154938.0,61815923,61815923,2026-07-14,2026-07-14 15:34:54+08:00
159212,深100ETF南方,1.575,1.5752,0.01,0.054,3.55,71952.0,11057190.5,1.521,1.575,1.515,1.521,3.94,9.83,0.64,-20.82,29501.0,42451.0,213703.0,1.93,639434.0,5.78,-425731.0,-3.85,48439.0,0.44,-262142.0,-2.37,67.0,1.572,1.575,73204367.0,115296878,115296878,2026-07-14,2026-07-14 15:34:42+08:00
159382,创业板人工智能ETF南方,2.984,2.9779,-0.2,0.102,3.54,1530271.0,440967113.338,2.891,2.987,2.812,2.882,6.07,18.35,1.69,53.37,586460.0,943811.0,-3365804.0,-0.76,13353.0,0.0,-3379157.0,-0.77,4769542.0,1.08,-1403738.0,-0.32,-1646.0,2.984,2.985,834055712.0,2488822245,2488822245,2026-07-14,2026-07-14 15:34:06+08:00
159992,创新药ETF银华,0.878,0.8766,-0.16,0.03,3.54,17804049.0,1530462966.101,0.842,0.878,0.834,0.848,5.19,8.88,1.16,-38.54,9980202.0,7823847.0,56546048.0,3.69,-44266256.0,-2.89,100812304.0,6.59,-38142926.0,-2.49,-18403124.0,-1.2,155104.0,0.877,0.878,20060381184.0,17613014680,17613014680,2026-07-14,2026-07-14 15:34:30+08:00
515320,电子50ETF华安,1.846,1.8453,-0.04,0.063,3.53,113401.0,20330588.0,1.78,1.859,1.73,1.783,7.23,14.3,1.04,-10.76,46506.0,66895.0,1702388.0,8.37,0.0,0.0,1702388.0,8.37,-1646579.0,-8.1,-55809.0,-0.27,-171.0,1.846,1.85,79309000.0,146404414,146404414,2026-07-14,2026-07-14 16:11:36+08:00
159952,创业板ETF广发,2.347,2.3445,-0.11,0.08,3.53,5677562.0,1305292903.946,2.268,2.349,2.24,2.267,4.81,14.6,1.7,-26.52,3003873.0,2673689.0,-101210480.0,-7.75,108791648.0,8.33,-210002128.0,-16.09,99782269.0,7.64,1428209.0,0.11,18162.0,2.346,2.347,3889084928.0,9127682326,9127682326,2026-07-14,2026-07-14 15:34:15+08:00
159375,创业板50ETF国泰,0.823,0.8253,0.28,0.028,3.52,187671.0,15043220.0,0.801,0.823,0.785,0.795,4.78,6.31,0.86,-40.68,94442.0,93230.0,573568.0,3.81,-1378516.0,-9.16,1952084.0,12.98,-507102.0,-3.37,-66466.0,-0.44,1746.0,0.821,0.823,297595344.0,244920968,244920968,2026-07-14,2026-07-14 15:34:30+08:00
159381,创业板人工智能ETF华夏,1.323,1.3202,-0.21,0.045,3.52,6319030.0,811709197.5,1.282,1.323,1.247,1.278,5.95,38.6,1.35,52.61,2812434.0,3506596.0,-19743200.0,-2.43,-7350816.0,-0.91,-12392384.0,-1.53,19101324.0,2.35,641878.0,0.08,11225.0,1.322,1.323,1637153200.0,2165953684,2165953684,2026-07-14,2026-07-14 15:34:03+08:00
159835,创新药ETF建信,0.681,0.681,0.0,0.023,3.5,632510.0,42227543.574,0.657,0.682,0.648,0.658,5.17,14.04,1.25,26.26,329887.0,302623.0,-1614159.0,-3.82,287254.0,0.68,-1901413.0,-4.5,1695205.0,4.01,-81044.0,-0.19,-3020.0,0.681,0.682,450504144.0,306793322,306793322,2026-07-14,2026-07-14 15:34:03+08:00
159247,创业板ETF汇添富,1.16,1.1554,-0.4,0.039,3.48,606877.0,68860819.818,1.118,1.161,1.106,1.121,4.91,21.52,1.26,65.7,320981.0,285896.0,1722923.0,2.5,-4423509.0,-6.42,6146432.0,8.93,59357.0,0.09,-1782280.0,-2.59,-7091.0,1.16,1.161,281984960.0,327102554,327102554,2026-07-14,2026-07-14 15:34:57+08:00
159279,创业板人工智能ETF华安,1.576,1.5784,0.15,0.053,3.48,722520.0,110701722.3,1.526,1.582,1.489,1.523,6.11,49.7,1.38,56.58,365796.0,356724.0,91289.0,0.08,-1296222.0,-1.17,1387511.0,1.25,-308611.0,-0.28,217322.0,0.2,-1496.0,1.576,1.577,145387534.0,229130754,229130754,2026-07-14,2026-07-14 15:34:15+08:00
512130,全指现金流ETF鹏华,1.129,1.1254,-0.32,0.038,3.48,5354.0,594738.0,1.089,1.129,1.089,1.091,3.67,3.85,1.12,-2.58,1401.0,3953.0,104678.0,17.6,0.0,0.0,104678.0,17.6,-106253.0,-17.87,1576.0,0.26,-4.0,1.127,1.129,13895000.0,15687455,15687455,2026-07-14,2026-07-14 16:11:59+08:00
515120,创新药ETF广发,0.657,0.656,-0.15,0.022,3.46,17982058.0,1155712795.0,0.631,0.657,0.624,0.635,5.2,9.86,1.2,-22.41,10886955.0,7095103.0,50187200.0,4.34,42717200.0,3.7,7470000.0,0.65,-33209099.0,-2.87,-16978112.0,-1.47,-148326.0,0.657,0.658,18230993664.0,11977762837,11977762837,2026-07-14,2026-07-14 16:11:43+08:00
159901,深证100ETF易方达,3.883,3.8828,-0.01,0.13,3.46,1458134.0,553395154.88,3.753,3.883,3.737,3.753,3.89,15.17,1.26,62.21,704226.0,753908.0,-13318027.0,-2.41,713278.0,0.13,-14031305.0,-2.54,5213171.0,0.94,8104857.0,1.46,1018.0,3.881,3.883,961034928.0,3731698625,3731698625,2026-07-14,2026-07-14 15:34:42+08:00
159997,电子ETF天弘,2.522,2.5052,-0.67,0.084,3.45,601988.0,147636059.196,2.43,2.525,2.356,2.438,6.93,9.1,1.02,-48.38,263006.0,338982.0,-16419455.0,-11.12,-834092.0,-0.56,-15585363.0,-10.56,-5629487.0,-3.81,22048941.0,14.93,-426.0,2.522,2.523,661306640.0,1667815346,1667815346,2026-07-14,2026-07-14 15:34:48+08:00
159706,深证100ETF华安,0.996,0.9996,0.36,0.033,3.43,65307.0,6356535.5,0.981,0.999,0.961,0.963,3.95,15.23,1.06,69.69,31135.0,34172.0,357123.0,5.62,0.0,0.0,357123.0,5.62,-424638.0,-6.68,67514.0,1.06,223.0,0.996,0.999,42886800.0,42715253,42715253,2026-07-14,2026-07-14 15:34:21+08:00
159309,油气ETF汇添富,1.3,1.2996,-0.03,0.043,3.42,856184.0,109752933.706,1.271,1.3,1.262,1.257,3.02,14.78,1.76,20.32,412479.0,443705.0,-43358802.0,-39.51,-35575959.0,-32.41,-7782843.0,-7.09,9153593.0,8.34,34205210.0,31.17,-2815.0,1.3,1.301,579371744.0,753183267,753183267,2026-07-14,2026-07-14 15:34:54+08:00
516060,创新药ETF工银,0.606,0.6037,-0.38,0.02,3.41,305273.0,18094471.0,0.576,0.606,0.575,0.586,5.29,9.22,1.1,-4.92,144934.0,160339.0,293364.0,1.62,1278637.0,7.07,-985273.0,-5.45,13024.0,0.07,-306388.0,-1.69,-1518.0,0.605,0.606,331237408.0,200729869,200729869,2026-07-14,2026-07-14 16:11:44+08:00
159298,创业板50ETF大成,1.363,1.3666,0.26,0.045,3.41,56771.0,7593659.2,1.315,1.366,1.302,1.318,4.86,3.96,0.71,-9.68,28873.0,27898.0,1327804.0,17.49,834398.0,10.99,493406.0,6.5,-879832.0,-11.59,-447972.0,-5.9,-785.0,1.363,1.364,143281082.0,195292115,195292115,2026-07-14,2026-07-14 15:34:54+08:00
159675,创业板增强ETF嘉实,1.586,1.5903,0.27,0.052,3.39,64642.0,10002447.6,1.553,1.589,1.512,1.534,5.02,12.47,1.07,4.87,35767.0,28875.0,-285177.0,-2.85,0.0,0.0,-285177.0,-2.85,403965.0,4.04,-118788.0,-1.19,-64.0,1.586,1.587,51846691.0,82228852,82228852,2026-07-14,2026-07-14 15:34:00+08:00
159203,大盘成长ETF博时,1.432,1.4377,0.4,0.047,3.39,4184.0,588341.4,1.373,1.435,1.373,1.385,4.48,4.27,0.5,-77.93,1787.0,2397.0,-133507.0,-22.69,0.0,0.0,-133507.0,-22.69,235402.0,40.01,-101894.0,-17.32,-2.0,1.432,1.435,9791913.0,14022019,14022019,2026-07-14,2026-07-14 15:34:39+08:00
159858,创新药ETF南方,0.703,0.7014,-0.23,0.023,3.38,797927.0,54695342.1,0.677,0.703,0.668,0.68,5.15,8.51,1.04,23.54,338424.0,459503.0,-1713310.0,-3.13,1283337.0,2.35,-2996647.0,-5.48,1746578.0,3.19,-33268.0,-0.06,3892.0,0.702,0.703,938098320.0,659483119,659483119,2026-07-14,2026-07-14 15:34:33+08:00
159721,深证100ETF永赢,1.133,1.1355,0.22,0.037,3.38,10905.0,1211857.933,1.104,1.134,1.095,1.096,3.56,1.57,0.24,-10.72,5176.0,5729.0,187679.0,15.49,0.0,0.0,187679.0,15.49,-136398.0,-11.26,-51281.0,-4.23,-260.0,1.128,1.133,69431696.0,78666112,78666112,2026-07-14,2026-07-14 15:34:27+08:00
561570,油气ETF华泰柏瑞,1.285,1.2847,-0.02,0.042,3.38,249744.0,31518078.0,1.246,1.285,1.246,1.243,3.14,29.68,1.3,13.02,133117.0,116627.0,-113906.0,-0.36,-185812.0,-0.59,71906.0,0.23,309775.0,0.98,-195870.0,-0.62,-1003.0,1.282,1.285,84147000.0,108128895,108128895,2026-07-14,2026-07-14 16:11:56+08:00
159150,深证50ETF易方达,1.718,1.7165,-0.09,0.056,3.37,88405.0,14857119.015,1.678,1.718,1.652,1.662,3.97,9.72,1.2,-31.87,42866.0,45539.0,1082832.0,7.29,182175.0,1.23,900657.0,6.06,-624950.0,-4.21,-457881.0,-3.08,211.0,1.717,1.718,90997623.0,156333916,156333916,2026-07-14,2026-07-14 15:34:03+08:00
159723,科技龙头ETF汇添富,1.17,1.1719,0.16,0.038,3.36,19638.0,2266738.8,1.138,1.171,1.125,1.132,4.06,5.95,0.87,0.35,12044.0,7594.0,167217.0,7.38,-177.0,-0.01,167394.0,7.38,-143689.0,-6.34,-23527.0,-1.04,30.0,1.166,1.17,33025575.0,38639923,38639923,2026-07-14,2026-07-14 15:34:57+08:00
159017,石油ETF工银,0.865,0.8638,-0.14,0.028,3.35,98260.0,8345114.723,0.859,0.866,0.84,0.837,3.11,6.09,1.55,14.06,53353.0,44907.0,-357060.0,-4.28,0.0,0.0,-357060.0,-4.28,314093.0,3.76,42966.0,0.51,-152.0,0.865,0.866,161256813.0,139487143,139487143,2026-07-14,2026-07-14 15:34:57+08:00
515260,电子ETF华宝,1.02,1.0197,-0.03,0.033,3.34,977366.0,97254495.0,0.982,1.024,0.958,0.987,6.69,10.44,0.99,5.39,378111.0,599255.0,8942761.0,9.2,5837983.0,6.0,3104778.0,3.19,-5942401.0,-6.11,-3000360.0,-3.09,-4952.0,1.02,1.021,936568400.0,955299768,955299768,2026-07-14,2026-07-14 16:11:44+08:00
159148,石油ETF富国,0.927,0.9256,-0.15,0.03,3.34,247837.0,22533168.7,0.908,0.927,0.9,0.897,3.01,10.71,1.09,35.18,134088.0,113749.0,2604287.0,11.56,382486.0,1.7,2221801.0,9.86,-1817348.0,-8.07,-786939.0,-3.49,-939.0,0.927,0.928,231466601.0,214569539,214569539,2026-07-14,2026-07-14 15:34:09+08:00
159588,石油ETF景顺,1.18,1.1778,-0.19,0.038,3.33,233816.0,27075211.2,1.148,1.18,1.145,1.142,3.06,4.99,1.18,-80.5,155232.0,78584.0,5883236.0,21.73,480308.0,1.77,5402928.0,19.96,-1014576.0,-3.75,-4868660.0,-17.98,1838.0,1.177,1.18,468284864.0,552576140,552576140,2026-07-14,2026-07-14 15:34:39+08:00
562310,沪深300成长ETF银华,1.149,1.149,0.0,0.037,3.33,292772.0,32987885.0,1.112,1.15,1.102,1.112,4.32,5.92,0.9,10.45,165261.0,127511.0,1001438.0,3.04,3646283.0,11.05,-2644845.0,-8.02,-604439.0,-1.83,-396999.0,-1.2,-645.0,1.149,1.15,494572304.0,568263577,568263577,2026-07-14,2026-07-14 16:11:40+08:00
159373,创业板50ETF嘉实,1.968,1.9692,0.06,0.063,3.31,342408.0,65496149.9,1.887,1.97,1.875,1.905,4.99,24.54,1.23,59.77,115222.0,227186.0,-2616557.0,-3.99,1919925.0,2.93,-4536482.0,-6.93,1628161.0,2.49,988395.0,1.51,307.0,1.965,1.968,139557494.0,274649148,274649148,2026-07-14,2026-07-14 15:34:21+08:00
159291,创业板综增强ETF招商,1.261,1.2613,0.02,0.04,3.28,9200.0,1141333.8,1.229,1.261,1.208,1.221,4.34,4.73,0.35,-1.6,4774.0,4426.0,-14373.0,-1.26,0.0,0.0,-14373.0,-1.26,79788.0,6.99,-65414.0,-5.73,2.0,1.256,1.266,19457388.0,24535766,24535766,2026-07-14,2026-07-14 15:34:48+08:00
159908,创业板ETF博时,3.594,3.6014,0.21,0.114,3.28,179665.0,63516115.4,3.477,3.606,3.436,3.48,4.89,5.61,1.89,-70.13,57226.0,122439.0,7550491.0,11.89,7559787.0,11.9,-9296.0,-0.01,-6417616.0,-10.1,-1132874.0,-1.78,-339.0,3.594,3.595,320229024.0,1150903112,1150903112,2026-07-14,2026-07-14 15:34:00+08:00
561360,石油ETF国泰,1.355,1.3565,0.11,0.043,3.28,738221.0,98702331.0,1.325,1.359,1.316,1.312,3.28,5.64,2.09,26.66,425162.0,313059.0,-9452654.0,-9.58,-10254372.0,-10.39,801718.0,0.81,9529511.0,9.65,-76858.0,-0.08,-8762.0,1.354,1.355,1309148000.0,1773895540,1773895540,2026-07-14,2026-07-14 16:11:41+08:00
159195,石油ETF华安,0.85,0.8503,0.04,0.027,3.28,168288.0,14027137.2,0.827,0.85,0.826,0.823,2.92,17.62,0.95,40.45,75439.0,92849.0,61221.0,0.44,0.0,0.0,61221.0,0.44,91472.0,0.65,-152693.0,-1.09,-86.0,0.85,0.852,95490164.0,81166639,81166639,2026-07-14,2026-07-14 15:34:30+08:00
159961,深100ETF方正富邦,2.37,2.3794,0.4,0.075,3.27,35238.0,8178320.4,2.317,2.374,2.289,2.295,3.7,3.35,1.3,58.88,16349.0,18889.0,-686923.0,-8.4,0.0,0.0,-686923.0,-8.4,488674.0,5.98,198249.0,2.42,-18.0,2.373,2.377,105245196.0,249431115,249431115,2026-07-14,2026-07-14 15:34:30+08:00
159363,创业板人工智能ETF华宝,1.392,1.3928,0.06,0.044,3.26,12235890.0,1663604607.118,1.351,1.396,1.315,1.348,6.01,21.69,1.08,-52.03,5741737.0,6494153.0,17499792.0,1.05,11482400.0,0.69,6017392.0,0.36,-12752314.0,-0.77,-4747476.0,-0.29,-19970.0,1.392,1.393,5642169856.0,7853900440,7853900440,2026-07-14,2026-07-14 15:34:36+08:00
159388,创业板人工智能ETF国泰,1.139,1.1398,0.07,0.036,3.26,1867602.0,206321520.2,1.099,1.142,1.076,1.103,5.98,22.0,1.19,-44.63,879367.0,988235.0,529779.0,0.26,2613214.0,1.27,-2083435.0,-1.01,43782.0,0.02,-573561.0,-0.28,1756.0,1.138,1.139,848736992.0,966711434,966711434,2026-07-14,2026-07-14 15:34:09+08:00
563830,全指现金流ETF博时,1.14,1.1383,-0.15,0.036,3.26,25000.0,2791626.0,1.112,1.14,1.108,1.104,2.9,1.94,1.32,15.41,11799.0,13201.0,508313.0,18.21,0.0,0.0,508313.0,18.21,-487760.0,-17.47,-20552.0,-0.74,-1475.0,1.136,1.14,128896000.0,146941440,146941440,2026-07-14,2026-07-14 16:11:58+08:00
159576,深证100ETF广发,1.663,1.6642,0.07,0.052,3.23,67086.0,10964374.7,1.611,1.663,1.599,1.611,3.97,15.42,0.78,9.63,24453.0,42633.0,261576.0,2.39,1651000.0,15.06,-1389424.0,-12.67,-83612.0,-0.76,-177965.0,-1.62,-53.0,1.663,1.664,43509612.0,72356485,72356485,2026-07-14,2026-07-14 15:34:30+08:00
159243,创业板人工智能ETF招商,1.41,1.4171,0.5,0.044,3.22,588953.0,80750473.222,1.354,1.416,1.333,1.366,6.08,41.47,1.34,-2.6,245971.0,342982.0,435037.0,0.54,1137804.0,1.41,-702767.0,-0.87,-759423.0,-0.94,324387.0,0.4,-753.0,1.41,1.411,142030224.0,200262616,200262616,2026-07-14,2026-07-14 15:34:51+08:00
516570,化工行业ETF易方达,0.964,0.9644,0.04,0.03,3.21,479462.0,45529357.0,0.935,0.964,0.934,0.934,3.21,4.19,1.38,5.6,262011.0,217451.0,4737295.0,10.4,5376422.0,11.81,-639127.0,-1.4,-4411579.0,-9.69,-325717.0,-0.72,-1880.0,0.963,0.964,1143357600.0,1102196726,1102196726,2026-07-14,2026-07-14 16:11:44+08:00
159956,创业板ETF建信,2.442,2.446,0.16,0.076,3.21,37639.0,8958075.9,2.36,2.45,2.34,2.366,4.65,8.97,1.1,-7.9,19135.0,18504.0,1287399.0,14.37,0.0,0.0,1287399.0,14.37,-1629141.0,-18.19,341742.0,3.81,-33.0,2.442,2.443,41978674.0,102511922,102511922,2026-07-14,2026-07-14 15:34:09+08:00
159292,创业板综增强ETF华宝,1.226,1.2238,-0.18,0.038,3.2,26471.0,3184199.254,1.199,1.226,1.18,1.188,3.87,1.41,0.96,-94.75,16895.0,9576.0,84368.0,2.65,0.0,0.0,84368.0,2.65,-65377.0,-2.05,-18991.0,-0.6,1230.0,1.226,1.227,187189531.0,229494365,229494365,2026-07-14,2026-07-14 15:34:57+08:00
159840,锂电池ETF工银,0.775,0.7749,-0.01,0.024,3.2,1334625.0,101250329.586,0.747,0.775,0.746,0.751,3.86,6.33,1.22,-45.32,681978.0,652647.0,5912046.0,5.84,5295630.0,5.23,616416.0,0.61,-3697384.0,-3.65,-2214662.0,-2.19,3804.0,0.774,0.775,2108574848.0,1634145507,1634145507,2026-07-14,2026-07-14 15:34:09+08:00
561760,油气ETF博时,1.258,1.2619,0.31,0.039,3.2,256491.0,31747080.0,1.218,1.261,1.218,1.219,3.53,14.23,3.37,-1.37,173605.0,82886.0,14592650.0,45.97,7679547.0,24.19,6913103.0,21.78,-4582378.0,-14.43,-10010271.0,-31.53,-13.0,1.258,1.26,180195000.0,226685310,226685310,2026-07-14,2026-07-14 16:11:37+08:00
159511,通信ETF南方,2.621,2.6277,0.25,0.081,3.19,96620.0,24663045.5,2.538,2.621,2.489,2.54,5.2,6.6,0.79,57.27,50344.0,46276.0,431082.0,1.75,183036.0,0.74,248046.0,1.01,97138.0,0.39,-528221.0,-2.14,820.0,2.62,2.621,146444573.0,383831226,383831226,2026-07-14,2026-07-14 15:34:00+08:00
159977,创业板ETF天弘,2.005,2.005,0.0,0.062,3.19,1533024.0,300781043.7,1.935,2.008,1.914,1.943,4.84,4.99,1.3,11.09,848313.0,684711.0,-9232387.0,-3.07,-823478.0,-0.27,-8408909.0,-2.8,11571316.0,3.85,-2338930.0,-0.78,-3857.0,2.005,2.006,3069872816.0,6155094996,6155094996,2026-07-14,2026-07-14 15:34:24+08:00
159948,创业板ETF南方,4.266,4.2703,0.1,0.132,3.19,356866.0,149457305.9,4.126,4.275,4.075,4.134,4.84,3.3,0.97,-53.75,161364.0,195502.0,-83328.0,-0.06,5607143.0,3.75,-5690471.0,-3.81,1478995.0,0.99,-1395666.0,-0.93,442.0,4.264,4.266,1080697728.0,4610256508,4610256508,2026-07-14,2026-07-14 15:34:12+08:00
159870,化工ETF鹏华,0.776,0.7758,-0.03,0.024,3.19,7942537.0,605834546.354,0.759,0.778,0.75,0.752,3.72,4.47,0.98,-60.3,4495764.0,3446773.0,-111951317.0,-18.48,-60788254.0,-10.03,-51163063.0,-8.45,104092375.0,17.18,7858941.0,1.3,-38712.0,0.776,0.777,17774107136.0,13792707138,13792707138,2026-07-14,2026-07-14 15:34:03+08:00
159205,创业板ETF东财,1.888,1.8891,0.06,0.058,3.17,853655.0,157943621.1,1.823,1.891,1.804,1.83,4.75,20.47,1.22,-1.92,480396.0,373259.0,9829757.0,6.22,-2448575.0,-1.55,12278332.0,7.77,-3789788.0,-2.4,-6039967.0,-3.82,-8474.0,1.888,1.889,417056064.0,787401849,787401849,2026-07-14,2026-07-14 15:34:36+08:00
516120,化工ETF富国,0.847,0.8472,0.02,0.026,3.17,1210428.0,100620404.0,0.82,0.847,0.817,0.821,3.65,2.31,0.98,0.46,616125.0,594303.0,-3599105.0,-3.58,-556790.0,-0.55,-3042315.0,-3.02,1270964.0,1.26,2328141.0,2.31,-2580.0,0.846,0.847,5237082112.0,4435808549,4435808549,2026-07-14,2026-07-14 16:11:42+08:00
159958,创业板ETF工银,2.329,2.3325,0.15,0.071,3.14,87059.0,19676508.7,2.259,2.332,2.229,2.258,4.56,3.99,1.94,-24.9,25166.0,61893.0,1584576.0,8.05,3280942.0,16.67,-1696366.0,-8.62,-1459720.0,-7.42,-124857.0,-0.63,-114.0,2.329,2.333,218211448.0,508214462,508214462,2026-07-14,2026-07-14 15:34:15+08:00
588660,科创创业50ETF兴银,2.17,2.175,0.23,0.066,3.14,38822.0,8178530.0,2.125,2.17,2.054,2.104,5.51,12.39,1.19,16.27,19917.0,18905.0,1651229.0,20.19,0.0,0.0,1651229.0,20.19,-1744544.0,-21.33,93314.0,1.14,-461.0,2.17,2.173,31344000.0,68016480,68016480,2026-07-14,2026-07-14 16:11:43+08:00
159957,创业板ETF华夏,2.536,2.5334,-0.1,0.077,3.13,1112419.0,275595983.276,2.452,2.538,2.42,2.459,4.8,13.04,1.25,-17.37,508129.0,604290.0,-10235668.0,-3.71,8023849.0,2.91,-18259517.0,-6.63,13750816.0,4.99,-3515148.0,-1.28,-4803.0,2.536,2.537,852784560.0,2162661644,2162661644,2026-07-14,2026-07-14 15:34:12+08:00
159242,创业板人工智能ETF大成,2.347,2.3519,0.21,0.071,3.12,685006.0,155854788.365,2.282,2.354,2.216,2.276,6.06,11.85,1.24,33.46,382089.0,302917.0,-539573.0,-0.35,432884.0,0.28,-972457.0,-0.62,613506.0,0.39,-73934.0,-0.05,-1167.0,2.347,2.348,578278576.0,1357219818,1357219818,2026-07-14,2026-07-14 15:34:24+08:00
159026,石油ETF南方,0.866,0.8688,0.32,0.026,3.1,98721.0,8456110.86,0.843,0.868,0.843,0.84,2.98,18.45,1.3,26.91,62171.0,36550.0,-198470.0,-2.35,-405263.0,-4.79,206793.0,2.45,192470.0,2.28,5999.0,0.07,-12.0,0.863,0.866,53513446.0,46342644,46342644,2026-07-14,2026-07-14 15:34:03+08:00
159716,深证100ETF华宝,1.197,1.2001,0.26,0.036,3.1,41926.0,4925179.4,1.165,1.198,1.156,1.161,3.62,7.53,1.24,44.98,15338.0,26588.0,1144365.0,23.23,0.0,0.0,1144365.0,23.23,-1164812.0,-23.65,20448.0,0.42,-597.0,1.197,1.199,55666732.0,66633078,66633078,2026-07-14,2026-07-14 15:34:51+08:00
159915,创业板ETF易方达,3.867,3.8687,0.04,0.116,3.09,23142777.0,8767464813.683,3.739,3.874,3.693,3.751,4.83,18.76,1.32,4.12,11452620.0,11690157.0,317700688.0,3.62,287206480.0,3.28,30494208.0,0.35,-152555440.0,-1.74,-165145248.0,-1.88,-90721.0,3.867,3.868,12338455040.0,47712805640,47712805640,2026-07-14,2026-07-14 15:34:57+08:00
159156,电池ETF万家,0.905,0.9053,0.03,0.027,3.08,92709.0,8220328.468,0.88,0.905,0.871,0.878,3.87,4.38,1.37,46.29,48124.0,44585.0,1755675.0,21.36,2615361.0,31.82,-859686.0,-10.46,-1577710.0,-19.19,-177966.0,-2.16,-10.0,0.905,0.906,211461253.0,191372434,191372434,2026-07-14,2026-07-14 15:34:12+08:00
159211,深证100ETF富国,1.541,1.5454,0.28,0.046,3.08,40335.0,6075024.2,1.518,1.544,1.487,1.495,3.81,20.49,1.38,29.03,21341.0,18994.0,274869.0,4.52,0.0,0.0,274869.0,4.52,-347742.0,-5.72,72874.0,1.2,-68.0,1.535,1.547,19683294.0,30331956,30331956,2026-07-14,2026-07-14 15:34:06+08:00
159249,A500增强ETF工银,1.378,1.3828,0.35,0.041,3.07,133395.0,18015578.5,1.36,1.378,1.329,1.337,3.66,14.31,1.18,-65.55,72869.0,60526.0,625479.0,3.47,215505.0,1.2,409974.0,2.28,-69270.0,-0.38,-556209.0,-3.09,-152.0,1.378,1.379,93191923.0,128418470,128418470,2026-07-14,2026-07-14 15:34:18+08:00
563150,油气ETF银华,1.241,1.2459,0.39,0.037,3.07,128310.0,15677139.0,1.204,1.241,1.204,1.204,3.07,24.96,3.21,23.34,103176.0,25134.0,10874039.0,69.36,3843490.0,24.52,7030549.0,44.85,-3053250.0,-19.48,-7820789.0,-49.89,-19.0,1.24,1.241,51399000.0,63786159,63786159,2026-07-14,2026-07-14 16:11:49+08:00
159973,民企ETF弘毅远方,2.062,2.0648,0.14,0.061,3.05,1610.0,322745.8,2.001,2.062,1.992,2.001,3.5,0.08,0.96,83.96,168.0,1442.0,92658.0,28.71,0.0,0.0,92658.0,28.71,-32517.0,-10.08,-60142.0,-18.63,-15.0,2.062,2.069,199976423.0,412351384,412351384,2026-07-14,2026-07-14 15:34:30+08:00
159975,深100ETF招商,0.814,0.8159,0.23,0.024,3.04,45232.0,3616276.0,0.794,0.815,0.787,0.79,3.54,7.94,0.68,50.34,22427.0,22805.0,-184453.0,-5.1,0.0,0.0,-184453.0,-5.1,196774.0,5.44,-12321.0,-0.34,-500.0,0.814,0.815,56937760.0,46347337,46347337,2026-07-14,2026-07-14 15:34:33+08:00
159219,深证100ETF融通,1.463,1.4691,0.42,0.043,3.03,22777.0,3303215.1,1.434,1.464,1.414,1.42,3.52,27.15,1.54,85.5,10326.0,12451.0,38071.0,1.15,0.0,0.0,38071.0,1.15,-74878.0,-2.27,36808.0,1.11,-2.0,1.464,1.468,8388018.0,12271670,12271670,2026-07-14,2026-07-14 15:34:51+08:00
588310,科创创业ETF方正富邦,1.4,1.4001,0.01,0.041,3.02,30541.0,4147662.0,1.372,1.402,1.326,1.359,5.59,9.59,1.1,19.98,17679.0,12862.0,773662.0,18.65,527803.0,12.73,245859.0,5.93,-574418.0,-13.85,-199244.0,-4.8,1.0,1.399,1.4,31837500.0,44572500,44572500,2026-07-14,2026-07-14 16:11:43+08:00
563390,全指现金流ETF华泰柏瑞,1.16,1.1601,0.01,0.034,3.02,470230.0,53799943.0,1.132,1.16,1.129,1.126,2.75,2.45,1.37,1.62,275261.0,194969.0,10507103.0,19.53,10235201.0,19.02,271902.0,0.51,-10145071.0,-18.86,-362033.0,-0.67,-11.0,1.159,1.16,1919844000.0,2227019040,2227019040,2026-07-14,2026-07-14 16:12:01+08:00
159295,创业综指ETF西部利得,1.2,1.191,-0.76,0.035,3.0,58579.0,6808603.705,1.169,1.2,1.133,1.165,5.75,8.49,1.1,94.26,36861.0,21718.0,1632944.0,23.98,2469724.0,36.27,-836780.0,-12.29,-1591670.0,-23.38,-41275.0,-0.61,5.0,1.19,1.2,68958239.0,82749887,82749887,2026-07-14,2026-07-14 15:34:51+08:00
516020,化工ETF华宝,0.828,0.8297,0.2,0.024,2.99,1415337.0,115354144.0,0.8,0.83,0.8,0.804,3.73,3.61,0.79,-17.12,761092.0,654245.0,12583736.0,10.91,9242620.0,8.01,3341116.0,2.9,-9559400.0,-8.29,-3024336.0,-2.62,-3739.0,0.827,0.828,3923826208.0,3248928100,3248928100,2026-07-14,2026-07-14 16:11:53+08:00
516220,化工ETF国泰,0.864,0.8652,0.14,0.025,2.98,258242.0,21873584.0,0.839,0.865,0.833,0.839,3.81,8.55,0.97,-21.21,163192.0,95050.0,932523.0,4.26,1553351.0,7.1,-620828.0,-2.84,-775127.0,-3.54,-157396.0,-0.72,-368.0,0.864,0.865,302170000.0,261074880,261074880,2026-07-14,2026-07-14 16:12:01+08:00
159697,石油ETF鹏华,1.248,1.2425,-0.44,0.036,2.97,945516.0,116278229.5,1.214,1.248,1.209,1.212,3.22,8.95,2.03,91.83,637217.0,308299.0,-37302597.0,-32.08,-38460472.0,-33.08,1157875.0,1.0,19009955.0,16.35,18292643.0,15.73,-566.0,1.248,1.249,1056022000.0,1317915456,1317915456,2026-07-14,2026-07-14 15:34:12+08:00
563760,全指现金流ETF中银,1.113,1.112,-0.09,0.032,2.96,791001.0,86553455.0,1.087,1.115,1.083,1.081,2.96,10.3,1.12,-0.66,431939.0,359062.0,592502.0,0.68,-2531799.0,-2.93,3124301.0,3.61,-441898.0,-0.51,-150603.0,-0.17,-6.0,1.113,1.115,767913200.0,854687392,854687392,2026-07-14,2026-07-14 16:11:34+08:00
588330,双创50ETF华宝,1.323,1.3221,-0.07,0.038,2.96,790444.0,102103182.0,1.285,1.324,1.25,1.285,5.76,7.97,1.04,-27.73,334905.0,455539.0,4711797.0,4.61,4963968.0,4.86,-252171.0,-0.25,-4424001.0,-4.33,-287796.0,-0.28,-7702.0,1.323,1.324,991737808.0,1312069120,1312069120,2026-07-14,2026-07-14 16:11:47+08:00
515920,智能消费ETF博时,1.357,1.3527,-0.32,0.039,2.96,54190.0,7177898.0,1.329,1.357,1.291,1.318,5.01,8.61,0.98,2.23,31012.0,23178.0,-165794.0,-2.31,2479928.0,34.55,-2645722.0,-36.86,143997.0,2.01,21797.0,0.3,74.0,1.353,1.356,62905700.0,85363035,85363035,2026-07-14,2026-07-14 16:11:40+08:00
562000,A100ETF华宝,0.631,0.6311,0.02,0.018,2.94,179074.0,11103195.0,0.613,0.631,0.61,0.613,3.43,2.85,1.52,5.24,102460.0,76614.0,-374407.0,-3.37,959216.0,8.64,-1333623.0,-12.01,460005.0,4.14,-85597.0,-0.77,-62.0,0.63,0.631,628737904.0,396733617,396733617,2026-07-14,2026-07-14 16:11:38+08:00
588300,科创创业50ETF招商,1.34,1.3376,-0.18,0.038,2.92,419941.0,55077297.0,1.299,1.341,1.267,1.302,5.68,3.01,0.72,-6.4,192533.0,227408.0,1026460.0,1.86,4177488.0,7.58,-3151028.0,-5.72,-626874.0,-1.14,-399585.0,-0.73,-3800.0,1.339,1.34,1396210496.0,1870922065,1870922065,2026-07-14,2026-07-14 16:11:53+08:00
589720,科创创新药ETF国泰,0.953,0.9505,-0.26,0.027,2.92,11059075.0,1027490782.0,0.921,0.954,0.898,0.926,6.05,27.45,0.89,-4.46,5618854.0,5440221.0,-24787040.0,-2.41,-33410832.0,-3.25,8623792.0,0.84,1026569.0,0.1,23760484.0,2.31,-84121.0,0.953,0.954,4028823008.0,3839468327,3839468327,2026-07-14,2026-07-14 16:11:57+08:00
159731,石化ETF华夏,0.882,0.8824,0.05,0.025,2.92,928349.0,80403615.0,0.857,0.882,0.855,0.857,3.15,12.1,1.16,-20.98,527686.0,400663.0,6958033.0,8.65,14015665.0,17.43,-7057632.0,-8.78,-6124323.0,-7.62,-833711.0,-1.04,308.0,0.881,0.882,767375808.0,676825463,676825463,2026-07-14,2026-07-14 15:34:18+08:00
159541,创业板综ETF万家,1.629,1.6336,0.28,0.046,2.91,86846.0,13815057.1,1.592,1.634,1.559,1.583,4.74,14.45,1.44,23.73,39188.0,47658.0,155119.0,1.12,-1589093.0,-11.5,1744212.0,12.63,-817675.0,-5.92,662556.0,4.8,-166.0,1.631,1.632,60093326.0,97892028,97892028,2026-07-14,2026-07-14 15:34:03+08:00
159246,创业板人工智能ETF富国,1.309,1.3094,0.03,0.037,2.91,1659261.0,211677283.9,1.266,1.313,1.237,1.272,5.97,4.64,1.32,-31.61,733955.0,925306.0,18534715.0,8.76,13853243.0,6.54,4681472.0,2.21,-16632019.0,-7.86,-1902696.0,-0.9,-1961.0,1.309,1.31,3577655600.0,4683151180,4683151180,2026-07-14,2026-07-14 15:34:27+08:00
159121,港股通汽车ETF易方达,0.746,0.7455,-0.07,0.021,2.9,622643.0,45851939.762,0.726,0.748,0.724,0.725,3.31,49.62,0.99,-42.89,328492.0,294151.0,2441918.0,5.33,-900052.0,-1.96,3341970.0,7.29,-2321107.0,-5.06,-120812.0,-0.26,1271.0,0.744,0.746,125481127.0,93608921,93608921,2026-07-14,2026-07-14 15:34:48+08:00
159235,中证现金流ETF大成,1.17,1.1703,0.03,0.033,2.9,536391.0,61921355.798,1.139,1.172,1.139,1.137,2.9,2.62,0.97,19.82,320681.0,215710.0,-562907.0,-0.91,-486518.0,-0.79,-76389.0,-0.12,641504.0,1.04,-78597.0,-0.13,-549.0,1.17,1.171,2044729552.0,2392333576,2392333576,2026-07-14,2026-07-14 15:34:48+08:00
159836,创业板300ETF天弘,1.392,1.3945,0.18,0.039,2.88,25955.0,3545489.3,1.359,1.395,1.335,1.353,4.43,2.45,0.83,-5.25,14627.0,11328.0,37916.0,1.07,846751.0,23.88,-808835.0,-22.81,-76335.0,-2.15,38419.0,1.08,-6.0,1.392,1.395,105747113.0,147199981,147199981,2026-07-14,2026-07-14 15:34:45+08:00
159232,自由现金流ETF南方,1.147,1.1471,0.01,0.032,2.87,1383967.0,156534921.8,1.113,1.149,1.113,1.115,3.23,6.62,0.8,3.8,814536.0,569431.0,-11616825.0,-7.42,-5333763.0,-3.41,-6283062.0,-4.01,7636520.0,4.88,3980305.0,2.54,-341.0,1.147,1.148,2090948560.0,2398317998,2398317998,2026-07-14,2026-07-14 15:34:24+08:00
516150,稀土ETF嘉实,1.759,1.7559,-0.18,0.049,2.87,1274862.0,218542267.0,1.701,1.759,1.686,1.71,4.27,3.48,0.98,-4.98,788309.0,486553.0,2135502.0,0.98,21586369.0,9.88,-19450867.0,-8.9,-9312611.0,-4.26,7177110.0,3.28,-7227.0,1.759,1.76,3664577008.0,6445990957,6445990957,2026-07-14,2026-07-14 16:11:55+08:00
588380,科创创业ETF富国,1.326,1.3254,-0.05,0.037,2.87,1009247.0,130811682.0,1.286,1.329,1.254,1.289,5.82,4.01,0.89,7.41,534491.0,474756.0,-2214448.0,-1.69,2209797.0,1.69,-4424245.0,-3.38,1614646.0,1.23,599803.0,0.46,-6755.0,1.326,1.328,2519770000.0,3341215020,3341215020,2026-07-14,2026-07-14 16:11:33+08:00
516050,科技龙头ETF工银,1.615,1.6182,0.2,0.045,2.87,122042.0,19344405.0,1.566,1.625,1.53,1.57,6.05,7.57,1.08,44.97,67274.0,54768.0,2665240.0,13.78,1652311.0,8.54,1012929.0,5.24,-2381876.0,-12.31,-283365.0,-1.46,-1677.0,1.615,1.616,161228000.0,260383220,260383220,2026-07-14,2026-07-14 16:11:57+08:00
159181,石油ETF易方达,0.827,0.8253,-0.21,0.023,2.86,226791.0,18443452.414,0.815,0.827,0.804,0.804,2.86,15.08,1.28,75.18,139075.0,87716.0,-245894.0,-1.33,-1431282.0,-7.76,1185388.0,6.43,130258.0,0.71,115637.0,0.63,-104.0,0.827,0.828,150405335.0,124385212,124385212,2026-07-14,2026-07-14 15:34:18+08:00
159838,医药50ETF博时,0.576,0.5763,0.05,0.016,2.86,108974.0,6223522.6,0.56,0.577,0.558,0.56,3.39,4.18,1.03,-27.94,59035.0,49939.0,324244.0,5.21,587495.0,9.44,-263251.0,-4.23,-381973.0,-6.14,57729.0,0.93,-12.0,0.576,0.577,260763462.0,150199754,150199754,2026-07-14,2026-07-14 15:34:06+08:00
159780,科创创业50ETF南方,1.298,1.299,0.08,0.036,2.85,1488577.0,188755798.78,1.255,1.3,1.228,1.262,5.71,4.36,0.79,-94.67,666862.0,821715.0,-5034481.0,-2.67,11813816.0,6.26,-16848297.0,-8.93,906956.0,0.48,4127525.0,2.19,3640.0,1.297,1.298,3418048576.0,4436627052,4436627052,2026-07-14,2026-07-14 15:34:12+08:00
159133,化工ETF天弘,1.047,1.046,-0.1,0.029,2.85,350457.0,36114019.036,1.014,1.048,1.011,1.018,3.63,2.05,0.98,20.67,204353.0,146104.0,1763422.0,4.88,197022.0,0.55,1566400.0,4.34,-1254891.0,-3.47,-508531.0,-1.41,-103.0,1.047,1.048,1707413344.0,1787661771,1787661771,2026-07-14,2026-07-14 15:34:54+08:00
159783,科创创业50ETF华夏,1.305,1.3079,0.22,0.036,2.84,2303142.0,294224416.621,1.267,1.309,1.235,1.269,5.83,5.05,0.86,-70.61,1165518.0,1137624.0,-23862176.0,-8.11,-33181671.0,-11.28,9319495.0,3.17,14170571.0,4.82,9691606.0,3.29,5258.0,1.304,1.305,4562659328.0,5954270423,5954270423,2026-07-14,2026-07-14 15:34:06+08:00
159782,双创50ETF银华,1.303,1.3043,0.1,0.036,2.84,443462.0,56598241.962,1.263,1.306,1.233,1.267,5.76,7.94,1.18,25.33,198281.0,245181.0,3114994.0,5.5,3722263.0,6.58,-607269.0,-1.07,-2207347.0,-3.9,-907647.0,-1.6,-3634.0,1.303,1.304,558190272.0,727321924,727321924,2026-07-14,2026-07-14 15:34:42+08:00
560990,科技先锋ETF中金,1.269,1.2681,-0.07,0.035,2.84,6346.0,791603.0,1.243,1.269,1.22,1.234,3.97,4.81,0.6,-4.18,1758.0,4588.0,273886.0,34.6,0.0,0.0,273886.0,34.6,-289285.0,-36.54,15399.0,1.95,-84.0,1.269,1.273,13187100.0,16734430,16734430,2026-07-14,2026-07-14 16:11:52+08:00
588360,科创创业ETF国泰,1.41,1.4119,0.13,0.039,2.84,243535.0,33604122.0,1.371,1.418,1.339,1.371,5.76,11.88,1.09,10.82,111141.0,132394.0,-705633.0,-2.1,269592.0,0.8,-975225.0,-2.9,-12069.0,-0.04,717702.0,2.14,-1599.0,1.41,1.412,205081800.0,289165338,289165338,2026-07-14,2026-07-14 16:11:51+08:00
561300,沪深300增强ETF国泰,1.05,1.0483,-0.16,0.029,2.84,759431.0,78524729.0,1.023,1.05,1.015,1.021,3.43,18.66,2.18,-32.94,479780.0,279651.0,-12825417.0,-16.33,-5747122.0,-7.32,-7078295.0,-9.01,12590138.0,16.03,235278.0,0.3,-196.0,1.049,1.05,406965008.0,427313258,427313258,2026-07-14,2026-07-14 16:11:35+08:00
159129,化工ETF嘉实,1.018,1.0201,0.21,0.028,2.83,232453.0,23226525.34,0.988,1.02,0.984,0.99,3.64,1.96,0.85,-47.13,142498.0,89955.0,1562056.0,6.73,3446554.0,14.84,-1884498.0,-8.11,-1259215.0,-5.42,-302842.0,-1.3,701.0,1.017,1.018,1188406592.0,1209797911,1209797911,2026-07-14,2026-07-14 15:34:33+08:00
159757,电池ETF景顺,0.804,0.8042,0.02,0.022,2.81,146057.0,11514213.4,0.782,0.805,0.775,0.782,3.84,5.82,0.91,38.16,72710.0,73347.0,1195893.0,10.39,1569351.0,13.63,-373458.0,-3.24,-921402.0,-8.0,-274491.0,-2.38,-57.0,0.804,0.805,250931891.0,201749240,201749240,2026-07-14,2026-07-14 15:34:33+08:00
561080,全指现金流ETF华安,1.136,1.1402,0.37,0.031,2.81,19557.0,2199697.0,1.114,1.139,1.112,1.105,2.44,7.18,1.17,0.3,11194.0,8363.0,-59999.0,-2.73,0.0,0.0,-59999.0,-2.73,-31710.0,-1.44,91710.0,4.17,-3533.0,1.136,1.139,27250000.0,30956000,30956000,2026-07-14,2026-07-14 16:11:52+08:00
560260,医疗ETF广发,0.804,0.8046,0.07,0.022,2.81,123050.0,9781703.0,0.782,0.805,0.776,0.782,3.71,0.65,1.05,-15.12,75262.0,47788.0,581773.0,5.95,724506.0,7.41,-142733.0,-1.46,-296950.0,-3.04,-284822.0,-2.91,-1021.0,0.804,0.805,1885664704.0,1516074422,1516074422,2026-07-14,2026-07-14 16:11:57+08:00
589120,科创创新药ETF汇添富,0.879,0.8759,-0.35,0.024,2.81,2863177.0,245173491.0,0.844,0.879,0.826,0.855,6.2,24.31,0.99,-13.31,1463915.0,1399262.0,5274653.0,2.15,18567341.0,7.57,-13292688.0,-5.42,-4544072.0,-1.85,-730582.0,-0.3,-23142.0,0.878,0.879,1177620000.0,1035127980,1035127980,2026-07-14,2026-07-14 16:11:59+08:00
530880,红利国企ETF银河,1.031,1.03,-0.1,0.028,2.79,40524.0,4147531.0,1.013,1.032,1.005,1.003,2.69,8.38,2.11,-2.48,27767.0,12757.0,722474.0,17.42,0.0,0.0,722474.0,17.42,-609583.0,-14.7,-112892.0,-2.72,-152.0,1.031,1.032,48336000.0,49834416,49834416,2026-07-14,2026-07-14 16:11:38+08:00
159223,现金流ETF永赢,1.074,1.0722,-0.17,0.029,2.78,101260.0,10704100.92,1.051,1.074,1.05,1.045,2.3,5.25,1.32,5.07,41871.0,59389.0,544916.0,5.09,443640.0,4.14,101276.0,0.95,-584929.0,-5.46,40013.0,0.37,-6.0,1.074,1.079,192844755.0,207115267,207115267,2026-07-14,2026-07-14 15:34:18+08:00
159656,沪深300成长ETF万家,1.295,1.297,0.15,0.035,2.78,127024.0,16114997.6,1.26,1.297,1.246,1.26,4.05,5.47,0.62,-67.4,58679.0,68345.0,1672214.0,10.38,0.0,0.0,1672214.0,10.38,-2436438.0,-15.12,764224.0,4.74,125.0,1.293,1.295,232238451.0,300748794,300748794,2026-07-14,2026-07-14 15:34:45+08:00
159012,科创创业50ETF鹏华,1.072,1.0737,0.16,0.029,2.78,115780.0,12143754.616,1.04,1.082,1.016,1.043,6.33,13.8,1.27,-42.29,59351.0,56429.0,-512349.0,-4.22,150110.0,1.24,-662459.0,-5.46,343706.0,2.83,168643.0,1.39,-152.0,1.072,1.076,83881148.0,89920591,89920591,2026-07-14,2026-07-14 15:34:57+08:00
159210,港股通汽车ETF汇添富,0.85,0.8466,-0.4,0.023,2.78,378477.0,31604243.1,0.831,0.85,0.822,0.827,3.39,107.07,0.8,96.57,196897.0,181580.0,1126518.0,3.56,-522282.0,-1.65,1648800.0,5.22,-924728.0,-2.93,-201789.0,-0.64,1905.0,0.848,0.85,35349802.0,30047332,30047332,2026-07-14,2026-07-14 15:34:45+08:00
159755,电池ETF广发,0.964,0.9662,0.23,0.026,2.77,4327181.0,409750909.05,0.934,0.966,0.929,0.938,3.94,4.67,0.88,-62.78,2204703.0,2122478.0,23249855.0,5.67,22823379.0,5.57,426476.0,0.1,-15790434.0,-3.85,-7459421.0,-1.82,-20119.0,0.964,0.965,9273646848.0,8939795561,8939795561,2026-07-14,2026-07-14 15:34:57+08:00
516720,ESGETF浦银,1.186,1.1878,0.15,0.032,2.77,744.0,87241.0,1.157,1.186,1.154,1.154,2.77,0.6,0.45,0.36,15.0,729.0,-5618.0,-6.44,0.0,0.0,-5618.0,-6.44,26661.0,30.56,-21043.0,-24.12,1.0,1.183,1.186,12337800.0,14632631,14632631,2026-07-14,2026-07-14 16:11:33+08:00
560070,央企红利ETF汇添富,1.112,1.1103,-0.15,0.03,2.77,381117.0,41734838.0,1.085,1.112,1.083,1.082,2.68,34.38,5.92,9.66,350350.0,30767.0,-450861.0,-1.08,-13114209.0,-31.42,12663348.0,30.34,463515.0,1.11,-12653.0,-0.03,-1123.0,1.11,1.112,110862300.0,123278878,123278878,2026-07-14,2026-07-14 16:11:50+08:00
159018,石油ETF广发,0.852,0.8534,0.16,0.023,2.77,57433.0,4848339.773,0.834,0.859,0.833,0.829,3.14,19.87,1.04,34.95,29633.0,27800.0,-1074990.0,-22.17,-1014811.0,-20.93,-60179.0,-1.24,474879.0,9.79,600112.0,12.38,-978.0,0.852,0.853,28904203.0,24626381,24626381,2026-07-14,2026-07-14 15:34:06+08:00
159781,科创创业ETF易方达,1.301,1.3028,0.14,0.035,2.76,4727757.0,602559701.988,1.261,1.304,1.23,1.266,5.85,3.76,0.92,-41.7,2410290.0,2317467.0,-23947542.0,-3.97,-7831915.0,-1.3,-16115627.0,-2.67,8769354.0,1.46,15178188.0,2.52,-19253.0,1.301,1.302,12577860608.0,16363796651,16363796651,2026-07-14,2026-07-14 15:34:15+08:00
159837,生物科技ETF易方达,0.486,0.4865,0.1,0.013,2.75,943352.0,45216039.702,0.473,0.487,0.469,0.473,3.81,3.04,0.82,-50.78,570454.0,372898.0,2897942.0,6.41,2590725.0,5.73,307217.0,0.68,-2045343.0,-4.52,-852600.0,-1.89,-2954.0,0.486,0.487,3107152832.0,1510076276,1510076276,2026-07-14,2026-07-14 15:34:27+08:00
561870,现金流全指ETF华富,1.12,1.1215,0.13,0.03,2.75,58170.0,6453489.0,1.092,1.121,1.092,1.09,2.66,5.35,1.78,7.61,31735.0,26435.0,143256.0,2.22,415192.0,6.43,-271936.0,-4.21,-142794.0,-2.21,-462.0,-0.01,100.0,1.118,1.123,108765000.0,121816800,121816800,2026-07-14,2026-07-14 16:11:49+08:00
588400,科创创业ETF嘉实,1.313,1.3131,0.01,0.035,2.74,324419.0,41600999.0,1.276,1.317,1.243,1.278,5.79,2.67,1.03,52.27,152956.0,171463.0,553025.0,1.33,488553.0,1.17,64472.0,0.15,114325.0,0.27,-667350.0,-1.6,-1941.0,1.313,1.314,1215600608.0,1596083598,1596083598,2026-07-14,2026-07-14 16:11:51+08:00
515960,医药ETF嘉实,0.824,0.8224,-0.19,0.022,2.74,105898.0,8586416.0,0.802,0.824,0.798,0.802,3.24,4.24,0.81,-2.48,72611.0,33287.0,621380.0,7.24,121433.0,1.41,499947.0,5.82,-579519.0,-6.75,-41861.0,-0.49,-400.0,0.823,0.824,249991900.0,205993326,205993326,2026-07-14,2026-07-14 16:11:48+08:00
159661,A100ETF嘉实,1.472,1.4747,0.18,0.039,2.72,51134.0,7357083.5,1.446,1.472,1.424,1.433,3.35,19.89,0.83,78.22,24148.0,26986.0,-656480.0,-8.92,0.0,0.0,-656480.0,-8.92,651309.0,8.85,5171.0,0.07,10.0,1.466,1.475,25708213.0,37842490,37842490,2026-07-14,2026-07-14 15:34:54+08:00
159233,自由现金流ETF平安,1.134,1.135,0.09,0.03,2.72,288492.0,32290004.1,1.109,1.136,1.105,1.104,2.81,6.32,0.95,-11.9,150673.0,137819.0,-311731.0,-0.97,1969749.0,6.1,-2281480.0,-7.07,10555.0,0.03,301176.0,0.93,-12.0,1.133,1.137,456623424.0,517810963,517810963,2026-07-14,2026-07-14 15:34:06+08:00
159556,中证2000增强ETF平安,1.21,1.2095,-0.04,0.032,2.72,25479.0,3010538.1,1.2,1.21,1.169,1.178,3.48,16.38,1.11,74.36,16060.0,9419.0,450070.0,14.95,0.0,0.0,450070.0,14.95,-363018.0,-12.06,-87052.0,-2.89,10.0,1.198,1.21,15556089.0,18822868,18822868,2026-07-14,2026-07-14 15:34:21+08:00
563770,全指现金流ETF招商,1.132,1.1363,0.38,0.03,2.72,126737.0,14162157.0,1.111,1.134,1.107,1.102,2.45,39.85,1.12,9.69,65071.0,61666.0,-375113.0,-2.65,-1118556.0,-7.9,743443.0,5.25,356068.0,2.51,19046.0,0.13,-30.0,1.132,1.134,31807000.0,36005524,36005524,2026-07-14,2026-07-14 16:11:58+08:00
588350,科创创业50ETF鹏扬,2.009,2.0105,0.07,0.053,2.71,32055.0,6316494.0,1.961,2.019,1.904,1.956,5.88,0.51,0.62,20.4,12800.0,19255.0,944857.0,14.96,214573.0,3.4,730284.0,11.56,-653293.0,-10.34,-291565.0,-4.62,-1052.0,2.009,2.015,634546000.0,1274802914,1274802914,2026-07-14,2026-07-14 16:11:48+08:00
561790,央企能源ETF博时,1.214,1.2152,0.1,0.032,2.71,15434.0,1845110.0,1.181,1.214,1.179,1.182,2.96,2.8,1.4,7.86,10239.0,5195.0,189334.0,10.26,0.0,0.0,189334.0,10.26,-118838.0,-6.44,-70497.0,-3.82,1000.0,1.214,1.217,55134000.0,66932676,66932676,2026-07-14,2026-07-14 16:11:38+08:00
159847,医疗ETF易方达,0.379,0.3796,0.16,0.01,2.71,765596.0,28666055.3,0.368,0.38,0.366,0.369,3.79,1.83,1.03,-71.67,517874.0,247722.0,2284672.0,7.97,3898529.0,13.6,-1613857.0,-5.63,-1533811.0,-5.35,-750861.0,-2.62,2046.0,0.378,0.379,4176825360.0,1583016811,1583016811,2026-07-14,2026-07-14 15:34:15+08:00
159923,中证A100ETF大成,2.27,2.2747,0.21,0.06,2.71,13495.0,3010963.4,2.223,2.272,2.204,2.21,3.08,16.29,0.93,-3.79,5797.0,7698.0,0.0,0.0,0.0,0.0,0.0,0.0,120339.0,4.0,-120339.0,-4.0,30.0,2.261,2.279,8285812.0,18808793,18808793,2026-07-14,2026-07-14 15:34:57+08:00
159603,科创创业ETF天弘,2.008,2.0091,0.05,0.053,2.71,98999.0,19472165.5,1.933,2.014,1.899,1.955,5.88,0.41,1.29,-30.93,49057.0,49942.0,1690317.0,8.68,1322033.0,6.79,368284.0,1.89,-917978.0,-4.71,-772339.0,-3.97,1005.0,2.007,2.008,2438071920.0,4895648415,4895648415,2026-07-14,2026-07-14 15:34:51+08:00
512910,A100ETF广发,1.368,1.3691,0.08,0.036,2.7,107556.0,14396905.0,1.344,1.368,1.323,1.332,3.38,8.3,1.15,5.13,54334.0,53222.0,816082.0,5.67,669000.0,4.65,147082.0,1.02,-815275.0,-5.66,-807.0,-0.01,-20.0,1.366,1.368,129628800.0,177332198,177332198,2026-07-14,2026-07-14 16:11:37+08:00
563620,全指现金流ETF兴业,1.032,1.0348,0.27,0.027,2.69,33148.0,3389998.0,1.015,1.032,1.013,1.005,1.89,5.81,0.82,7.3,11412.0,21736.0,790038.0,23.3,0.0,0.0,790038.0,23.3,-216326.0,-6.38,-573711.0,-16.92,50.0,1.029,1.033,57049000.0,58874568,58874568,2026-07-14,2026-07-14 16:11:42+08:00
510560,中证500ETF国寿,2.065,2.0562,-0.43,0.054,2.69,11075.0,2229205.0,2.015,2.065,1.985,2.011,3.98,1.84,1.01,-1.82,5274.0,5801.0,211863.0,9.5,0.0,0.0,211863.0,9.5,-58818.0,-2.64,-153044.0,-6.87,20.0,2.051,2.06,60318700.0,124558116,124558116,2026-07-14,2026-07-14 16:11:50+08:00
159912,深300ETF汇添富,2.061,2.0678,0.33,0.054,2.69,22282.0,4503821.2,2.043,2.065,1.986,2.007,3.94,3.66,2.29,43.4,8491.0,13791.0,-172778.0,-3.84,0.0,0.0,-172778.0,-3.84,-29471.0,-0.65,202250.0,4.49,1.0,2.054,2.061,60948991.0,125615870,125615870,2026-07-14,2026-07-14 15:34:09+08:00
159201,自由现金流ETF华夏,1.113,1.1098,-0.29,0.029,2.68,3076591.0,338186059.117,1.085,1.113,1.085,1.084,2.58,2.3,0.94,-26.62,2018871.0,1057720.0,-13465472.0,-3.98,-32721909.0,-9.68,19256437.0,5.69,11720875.0,3.47,1744597.0,0.52,-26711.0,1.113,1.114,13366275840.0,14876665010,14876665010,2026-07-14,2026-07-14 15:34:36+08:00
563780,现金流全指ETF方正富邦,1.153,1.1569,0.34,0.03,2.67,49552.0,5662733.0,1.127,1.155,1.126,1.123,2.58,1.5,0.59,-1.23,25457.0,24095.0,1180810.0,20.85,0.0,0.0,1180810.0,20.85,-687394.0,-12.14,-493416.0,-8.71,-3.0,1.152,1.153,331027104.0,381674251,381674251,2026-07-14,2026-07-14 16:11:34+08:00
159630,A100ETF汇添富,1.426,1.4265,0.04,0.037,2.66,14481.0,2033321.0,1.409,1.426,1.39,1.389,2.59,11.04,2.19,43.59,2320.0,12161.0,509984.0,25.08,1005430.0,49.45,-495446.0,-24.37,-504423.0,-24.81,-5562.0,-0.27,-219.0,1.42,1.432,13113744.0,18700199,18700199,2026-07-14,2026-07-14 15:34:45+08:00
159929,医药ETF汇添富,1.31,1.3104,0.03,0.034,2.66,1055091.0,136257959.389,1.276,1.311,1.265,1.276,3.61,5.96,1.23,-71.4,630298.0,424793.0,19977087.0,14.66,10956143.0,8.04,9020944.0,6.62,-12185669.0,-8.94,-7791418.0,-5.72,-2884.0,1.31,1.311,1770204208.0,2318967512,2318967512,2026-07-14,2026-07-14 15:34:12+08:00
512120,医药ETF华安,0.465,0.4656,0.13,0.012,2.65,529526.0,24263426.0,0.451,0.466,0.447,0.453,4.19,6.22,0.98,-1.68,321469.0,208057.0,932837.0,3.84,1623995.0,6.69,-691158.0,-2.85,-673056.0,-2.77,-259781.0,-1.07,-656.0,0.464,0.465,851241904.0,395827485,395827485,2026-07-14,2026-07-14 16:12:01+08:00
516780,稀土ETF华泰柏瑞,0.853,0.8528,-0.02,0.022,2.65,1269258.0,105738235.0,0.83,0.854,0.819,0.831,4.21,5.75,0.92,5.82,739426.0,529832.0,283073.0,0.27,-4949324.0,-4.68,5232397.0,4.95,-8281982.0,-7.83,7998909.0,7.56,-3378.0,0.853,0.854,2206099696.0,1881803041,1881803041,2026-07-14,2026-07-14 16:11:48+08:00
159713,稀土ETF富国,1.278,1.2802,0.17,0.033,2.65,570121.0,71350450.9,1.25,1.279,1.228,1.245,4.1,10.18,0.74,-49.98,334639.0,235482.0,4610018.0,6.46,2123635.0,2.98,2486383.0,3.48,-3331609.0,-4.67,-1278410.0,-1.79,-1923.0,1.278,1.279,560255056.0,716005962,716005962,2026-07-14,2026-07-14 15:34:24+08:00
516500,生物科技ETF华夏,0.621,0.6214,0.06,0.016,2.64,242802.0,14856442.0,0.605,0.622,0.598,0.605,3.97,8.52,0.82,-4.3,123871.0,118931.0,1784737.0,12.01,1708177.0,11.5,76560.0,0.52,-1503015.0,-10.12,-281722.0,-1.9,698.0,0.62,0.621,284937200.0,176946001,176946001,2026-07-14,2026-07-14 16:11:48+08:00
159379,A500ETF融通,1.401,1.4077,0.48,0.036,2.64,49302.0,6844543.4,1.396,1.404,1.363,1.365,3.0,3.05,2.04,93.98,18258.0,31044.0,1122290.0,16.4,1121504.0,16.39,786.0,0.01,-1020683.0,-14.91,-101607.0,-1.48,-250.0,1.401,1.404,161821471.0,226711881,226711881,2026-07-14,2026-07-14 15:34:21+08:00
159045,稀有金属ETF大成,0.817,0.8195,0.31,0.021,2.64,94892.0,7539490.082,0.795,0.82,0.78,0.796,5.03,5.26,0.89,-64.37,52516.0,42376.0,673049.0,8.93,-736793.0,-9.77,1409842.0,18.7,-536414.0,-7.11,-136634.0,-1.81,-100.0,0.819,0.82,180330213.0,147329784,147329784,2026-07-14,2026-07-14 15:34:12+08:00
159236,自由现金流ETF工银,1.13,1.1328,0.25,0.029,2.63,58107.0,6480032.114,1.104,1.131,1.104,1.101,2.45,12.99,0.79,1.32,31896.0,26211.0,568441.0,8.77,0.0,0.0,568441.0,8.77,-464273.0,-7.16,-104169.0,-1.61,-442.0,1.131,1.135,44722161.0,50536042,50536042,2026-07-14,2026-07-14 15:34:09+08:00
159523,沪深300成长ETF华夏,1.325,1.3272,0.17,0.034,2.63,104519.0,13531512.3,1.301,1.325,1.276,1.291,3.8,15.48,0.94,16.34,62400.0,42119.0,613267.0,4.53,0.0,0.0,613267.0,4.53,-620519.0,-4.59,7252.0,0.05,1.0,1.322,1.325,67517348.0,89460486,89460486,2026-07-14,2026-07-14 15:34:09+08:00
159786,VRETF银华,1.294,1.2933,-0.05,0.033,2.62,187663.0,23724706.0,1.255,1.299,1.231,1.261,5.39,20.69,0.96,68.65,94338.0,93325.0,1575844.0,6.64,614074.0,2.59,961770.0,4.05,-967426.0,-4.08,-608417.0,-2.56,-515.0,1.294,1.295,90701174.0,117367319,117367319,2026-07-14,2026-07-14 15:34:18+08:00
588390,科创创业ETF博时,1.414,1.4138,-0.01,0.036,2.61,77306.0,10656296.0,1.372,1.419,1.34,1.378,5.73,5.26,1.06,36.96,42507.0,34799.0,587947.0,5.52,902802.0,8.47,-314855.0,-2.95,-406669.0,-3.82,-181279.0,-1.7,-273.0,1.414,1.415,146935900.0,207767363,207767363,2026-07-14,2026-07-14 16:11:47+08:00
159767,电池龙头ETF兴银,0.787,0.7878,0.1,0.02,2.61,98667.0,7615250.0,0.76,0.788,0.759,0.767,3.78,4.0,1.04,-15.9,57992.0,40675.0,-86853.0,-1.14,-246381.0,-3.24,159528.0,2.09,362170.0,4.76,-275316.0,-3.62,-302.0,0.787,0.788,246873672.0,194289580,194289580,2026-07-14,2026-07-14 15:34:51+08:00
159517,中证800增强ETF银华,1.392,1.3911,-0.06,0.035,2.58,35177.0,4813826.9,1.369,1.392,1.342,1.357,3.68,40.24,1.33,59.37,16741.0,18436.0,-278706.0,-5.79,0.0,0.0,-278706.0,-5.79,274074.0,5.69,4631.0,0.1,1.0,1.389,1.392,8742624.0,12169733,12169733,2026-07-14,2026-07-14 15:34:06+08:00
159828,医疗ETF国泰,0.397,0.398,0.25,0.01,2.58,3094467.0,121925263.4,0.387,0.399,0.384,0.387,3.88,5.42,1.76,-45.22,2445896.0,648571.0,3496535.0,2.87,-18597814.0,-15.25,22094349.0,18.12,-2001986.0,-1.64,-1494548.0,-1.23,-3937.0,0.397,0.398,5711439360.0,2267441426,2267441426,2026-07-14,2026-07-14 15:34:24+08:00
560500,500质量成长ETF鹏扬,1.389,1.3916,0.19,0.035,2.58,28627.0,3908905.0,1.354,1.389,1.344,1.354,3.32,0.97,0.97,31.3,16006.0,12621.0,145490.0,3.72,981650.0,25.11,-836160.0,-21.39,-63830.0,-1.63,-81661.0,-2.09,3.0,1.388,1.389,295339008.0,410225882,410225882,2026-07-14,2026-07-14 16:11:45+08:00
159938,医药ETF广发,0.639,0.6398,0.13,0.016,2.57,1287190.0,81112516.0,0.623,0.64,0.616,0.623,3.85,1.77,1.31,-51.7,595201.0,691989.0,6917527.0,8.53,16003121.0,19.73,-9085594.0,-11.2,-4230278.0,-5.22,-2687249.0,-3.31,8329.0,0.638,0.639,7287067136.0,4656435900,4656435900,2026-07-14,2026-07-14 15:34:12+08:00
159350,深证50ETF富国,1.676,1.6802,0.25,0.042,2.57,417477.0,68546931.5,1.626,1.679,1.62,1.634,3.61,43.48,1.2,-23.36,193338.0,224139.0,-2912860.0,-4.25,1896269.0,2.77,-4809129.0,-7.02,752440.0,1.1,2160419.0,3.15,-215.0,1.676,1.679,96009642.0,160912160,160912160,2026-07-14,2026-07-14 15:34:06+08:00
512170,医疗ETF华宝,0.319,0.319,0.0,0.008,2.57,26035894.0,819618370.0,0.31,0.32,0.308,0.311,3.86,3.15,1.09,-36.05,16488022.0,9547872.0,64140312.0,7.83,145857552.0,17.8,-81717240.0,-9.97,-52149614.0,-6.36,-11990684.0,-1.46,-40782.0,0.318,0.319,82663821312.0,26369758999,26369758999,2026-07-14,2026-07-14 16:11:34+08:00
159326,电网设备ETF华夏,1.735,1.7375,0.14,0.043,2.54,4653865.0,790614954.321,1.695,1.735,1.663,1.692,4.26,4.17,0.98,-4.66,2566645.0,2087219.0,186446471.0,23.58,172508662.0,21.82,13937809.0,1.76,-117383774.0,-14.85,-69062695.0,-8.74,30877.0,1.734,1.735,11150265600.0,19345710816,19345710816,2026-07-14,2026-07-14 15:34:21+08:00
512060,A100ETF天弘,1.253,1.258,0.4,0.031,2.54,23485.0,2895373.0,1.223,1.253,1.215,1.222,3.11,21.49,0.89,1.29,8613.0,14872.0,51393.0,1.78,0.0,0.0,51393.0,1.78,-25896.0,-0.89,-25496.0,-0.88,1.0,1.256,1.257,10928000.0,13692784,13692784,2026-07-14,2026-07-14 16:11:39+08:00
562860,疫苗ETF嘉实,0.647,0.6467,-0.05,0.016,2.54,165356.0,10616840.0,0.632,0.648,0.626,0.631,3.49,5.0,0.65,4.31,87332.0,78024.0,-154387.0,-1.45,360852.0,3.4,-515239.0,-4.85,-173328.0,-1.63,327714.0,3.09,-17.0,0.646,0.647,330895008.0,214089070,214089070,2026-07-14,2026-07-14 16:11:45+08:00
159715,稀土ETF易方达,1.174,1.1737,-0.03,0.029,2.53,719420.0,82610471.8,1.141,1.174,1.127,1.145,4.1,12.19,0.99,11.68,390268.0,329152.0,2859730.0,3.46,-1135923.0,-1.38,3995653.0,4.84,-2540610.0,-3.08,-319120.0,-0.39,-1850.0,1.174,1.175,590030272.0,692695539,692695539,2026-07-14,2026-07-14 15:34:48+08:00
561090,A500增强ETF华安,1.295,1.2983,0.25,0.032,2.53,152866.0,19500701.0,1.266,1.296,1.246,1.263,3.96,7.18,1.49,52.67,92705.0,60161.0,2075971.0,10.65,7105417.0,36.44,-5029446.0,-25.79,-847157.0,-4.34,-1228814.0,-6.3,-4692.0,1.295,1.296,212974000.0,275801330,275801330,2026-07-14,2026-07-14 16:11:38+08:00
512290,生物医药ETF国泰,1.016,1.0163,0.03,0.025,2.52,1772847.0,177587368.0,0.986,1.018,0.98,0.991,3.83,4.68,0.77,-38.04,1009676.0,763171.0,16057571.0,9.04,21498037.0,12.11,-5440466.0,-3.06,-9030061.0,-5.08,-7027511.0,-3.96,-4189.0,1.015,1.016,3787820704.0,3848425835,3848425835,2026-07-14,2026-07-14 16:11:36+08:00
562850,央企能源ETF嘉实,1.225,1.2263,0.11,0.03,2.51,109499.0,13200530.0,1.2,1.225,1.195,1.195,2.51,5.07,0.93,1.91,56160.0,53339.0,536088.0,4.06,0.0,0.0,536088.0,4.06,-484281.0,-3.67,-51807.0,-0.39,-150.0,1.225,1.226,215981500.0,264577338,264577338,2026-07-14,2026-07-14 16:11:38+08:00
516930,生物科技ETF民生加银,0.49,0.4907,0.14,0.012,2.51,20620.0,989612.0,0.478,0.491,0.474,0.478,3.56,1.84,0.77,-1.33,11323.0,9297.0,89957.0,9.09,341066.0,34.46,-251109.0,-25.37,-55284.0,-5.59,-34673.0,-3.5,-52.0,0.49,0.491,112139600.0,54948404,54948404,2026-07-14,2026-07-14 16:11:42+08:00
159797,医疗器械ETF汇添富,0.653,0.6522,-0.12,0.016,2.51,91891.0,5966155.5,0.641,0.654,0.639,0.637,2.35,2.36,1.39,-65.94,60897.0,30994.0,-705867.0,-11.83,-1041673.0,-17.46,335806.0,5.63,283501.0,4.75,422366.0,7.08,272.0,0.652,0.653,388989248.0,254009979,254009979,2026-07-14,2026-07-14 15:34:21+08:00
159622,创新药ETF东财,1.107,1.1052,-0.16,0.027,2.5,1890879.0,206058105.182,1.076,1.109,1.061,1.08,4.44,13.37,0.85,-7.88,1008305.0,882575.0,4450823.0,2.16,-14871824.0,-7.22,19322647.0,9.38,-2156741.0,-1.05,-2294082.0,-1.11,-11171.0,1.107,1.108,1414603232.0,1565965778,1565965778,2026-07-14,2026-07-14 15:34:36+08:00
159777,创科技ETF国联安,1.312,1.3136,0.12,0.032,2.5,18900.0,2434982.8,1.293,1.35,1.26,1.28,7.03,6.24,0.66,8.76,7552.0,11348.0,478922.0,19.67,0.0,0.0,478922.0,19.67,-328788.0,-13.5,-150134.0,-6.17,37.0,1.311,1.312,30280565.0,39728101,39728101,2026-07-14,2026-07-14 15:34:00+08:00
159717,ESGETF鹏华,1.069,1.0697,0.07,0.026,2.49,20660.0,2167570.0,1.044,1.069,1.041,1.043,2.68,9.03,1.64,63.26,10791.0,9869.0,-508994.0,-23.48,0.0,0.0,-508994.0,-23.48,448081.0,20.67,60913.0,2.81,-20.0,1.066,1.073,22873183.0,24451433,24451433,2026-07-14,2026-07-14 15:34:54+08:00
561920,疫苗ETF招商,0.659,0.6588,-0.03,0.016,2.49,15639.0,1021701.0,0.642,0.66,0.64,0.643,3.11,3.28,0.82,-0.49,9361.0,6278.0,112874.0,11.05,370969.0,36.31,-258095.0,-25.26,-117002.0,-11.45,4127.0,0.4,-15.0,0.659,0.66,47692000.0,31429028,31429028,2026-07-14,2026-07-14 16:12:01+08:00
159602,中国A50ETF南方,1.113,1.1143,0.12,0.027,2.49,61488.0,6754575.208,1.083,1.113,1.081,1.086,2.95,1.51,0.75,1.02,28125.0,33363.0,-35595.0,-0.53,531500.0,7.87,-567095.0,-8.4,150347.0,2.23,-114752.0,-1.7,500.0,1.108,1.112,406542944.0,452482297,452482297,2026-07-14,2026-07-14 15:34:42+08:00
159680,中证1000增强ETF招商,1.692,1.6847,-0.43,0.041,2.48,747365.0,123963479.906,1.656,1.693,1.631,1.651,3.76,8.96,1.64,-71.41,325351.0,422014.0,-12695649.0,-10.24,-842276.0,-0.68,-11853373.0,-9.56,1206860.0,0.97,11488790.0,9.27,3531.0,1.69,1.692,834438080.0,1411869231,1411869231,2026-07-14,2026-07-14 15:34:42+08:00
512030,中证A50增强ETF易方达,1.114,1.1187,0.42,0.027,2.48,34177.0,3763739.0,1.087,1.114,1.085,1.087,2.67,7.55,0.97,-0.32,18716.0,15461.0,257528.0,6.84,0.0,0.0,257528.0,6.84,-119900.0,-3.19,-137629.0,-3.66,-180.0,1.111,1.112,45240000.0,50397360,50397360,2026-07-14,2026-07-14 16:11:43+08:00
563000,中国A50ETF易方达,1.155,1.1568,0.16,0.028,2.48,144032.0,16396251.0,1.127,1.155,1.12,1.127,3.11,0.91,0.78,6.74,83032.0,61000.0,1861889.0,11.36,231592.0,1.41,1630297.0,9.94,-1172402.0,-7.15,-689488.0,-4.21,-596.0,1.154,1.155,1585951104.0,1831773525,1831773525,2026-07-14,2026-07-14 16:11:57+08:00
159290,创业板综指增强ETF东财,1.246,1.2462,0.02,0.03,2.47,35592.0,4351815.044,1.219,1.251,1.195,1.216,4.61,9.1,1.0,-93.92,20334.0,15258.0,797972.0,18.34,0.0,0.0,797972.0,18.34,432416.0,9.94,-1230388.0,-28.27,60.0,1.242,1.246,39100396.0,48719093,48719093,2026-07-14,2026-07-14 15:34:54+08:00
159902,中小100ETF华夏,4.905,4.9094,0.09,0.118,2.47,65854.0,31582777.7,4.787,4.908,4.723,4.787,3.86,9.22,2.44,8.3,34912.0,30942.0,407547.0,1.29,153033.0,0.48,254514.0,0.81,-222715.0,-0.71,-184833.0,-0.59,-17.0,4.899,4.906,71460849.0,350515464,350515464,2026-07-14,2026-07-14 15:34:45+08:00
512150,富时A50ETF汇安,1.947,1.9505,0.18,0.047,2.47,5853.0,1130367.0,1.9,1.947,1.891,1.9,2.95,3.07,1.41,-14.06,3771.0,2082.0,959114.0,84.85,0.0,0.0,959114.0,84.85,-549997.0,-48.66,-409116.0,-36.19,-382.0,1.947,1.948,19073400.0,37135910,37135910,2026-07-14,2026-07-14 16:11:57+08:00
159336,央企红利ETF融通,1.118,1.1192,0.11,0.027,2.47,93022.0,10240648.154,1.091,1.119,1.091,1.091,2.57,2.16,1.81,78.82,32509.0,60513.0,161708.0,1.58,579965.0,5.66,-418257.0,-4.08,-1312420.0,-12.82,1150711.0,11.24,0.0,1.118,1.119,430905088.0,481751888,481751888,2026-07-14,2026-07-14 15:34:03+08:00
159225,现金流ETF银华,1.165,1.1661,0.09,0.028,2.46,46787.0,5384535.2,1.144,1.165,1.138,1.137,2.37,1.74,1.22,-39.64,29128.0,17659.0,-188967.0,-3.51,-81911.0,-1.52,-107056.0,-1.99,180661.0,3.36,8305.0,0.15,2.0,1.161,1.165,268744800.0,313087692,313087692,2026-07-14,2026-07-14 15:34:33+08:00
520660,港股通央企红利ETF南方,0.963,0.96,-0.31,0.023,2.45,1066528.0,101575713.0,0.944,0.964,0.943,0.94,2.23,4.37,0.99,15.21,656301.0,410227.0,-12891293.0,-12.69,-8440645.0,-8.31,-4450648.0,-4.38,14685773.0,14.46,-1794479.0,-1.77,-116.0,0.963,0.964,2441485504.0,2351150540,2351150540,2026-07-14,2026-07-14 16:12:01+08:00
560050,中国A50ETF汇添富,1.13,1.1318,0.16,0.027,2.45,644886.0,71669355.0,1.102,1.13,1.096,1.103,3.08,2.68,1.04,1.9,345239.0,299647.0,-213925.0,-0.3,1123141.0,1.57,-1337066.0,-1.87,-517686.0,-0.72,731610.0,1.02,-328.0,1.13,1.131,2404934400.0,2717575872,2717575872,2026-07-14,2026-07-14 16:11:33+08:00
159071,新能源电池ETF华宝,0.881,0.8816,0.07,0.021,2.44,81052.0,7059661.827,0.868,0.881,0.842,0.86,4.53,6.65,1.06,31.44,52152.0,28900.0,115809.0,1.64,-1005167.0,-14.24,1120976.0,15.88,23004.0,0.33,-138812.0,-1.97,130.0,0.88,0.881,121911738.0,107404241,107404241,2026-07-14,2026-07-14 15:34:24+08:00
159229,自由现金流ETF广发,1.132,1.1332,0.11,0.027,2.44,125155.0,13974405.2,1.107,1.142,1.107,1.105,3.17,8.84,0.92,-11.38,67719.0,57436.0,767562.0,5.49,1404412.0,10.05,-636850.0,-4.56,-242790.0,-1.74,-524772.0,-3.76,-18.0,1.131,1.134,141556022.0,160241417,160241417,2026-07-14,2026-07-14 15:34:00+08:00
159971,创业板ETF富国,1.343,1.3417,-0.1,0.032,2.44,1252707.0,164577002.332,1.299,1.347,1.284,1.311,4.81,9.21,1.45,8.13,611573.0,641134.0,4500762.0,2.73,3775122.0,2.29,725640.0,0.44,-2438147.0,-1.48,-2062614.0,-1.25,-4295.0,1.343,1.344,1360020288.0,1826507247,1826507247,2026-07-14,2026-07-14 15:34:24+08:00
159566,储能电池ETF易方达,1.937,1.9399,0.15,0.046,2.43,1687967.0,320963494.2,1.885,1.942,1.852,1.891,4.76,6.0,0.87,-41.74,893206.0,794761.0,19641818.0,6.12,-555219.0,-0.17,20197037.0,6.29,-6881218.0,-2.14,-12760598.0,-3.98,-3439.0,1.937,1.938,2813739776.0,5450213946,5450213946,2026-07-14,2026-07-14 15:34:27+08:00
560370,红利质量ETF易方达,0.842,0.8402,-0.21,0.02,2.43,54531.0,4522506.0,0.822,0.842,0.821,0.822,2.55,4.54,1.29,0.44,24913.0,29618.0,-14741.0,-0.33,410179.0,9.07,-424920.0,-9.4,31898.0,0.71,-17156.0,-0.38,-238.0,0.839,0.842,120084000.0,101110728,101110728,2026-07-14,2026-07-14 16:11:59+08:00
159775,电池ETF建信,0.802,0.803,0.12,0.019,2.43,284210.0,22394253.1,0.778,0.802,0.774,0.783,3.58,4.05,1.15,-58.3,171228.0,112982.0,1793949.0,8.01,2442454.0,10.91,-648505.0,-2.9,-1506165.0,-6.73,-287786.0,-1.29,-51.0,0.802,0.803,701648960.0,562722466,562722466,2026-07-14,2026-07-14 15:34:57+08:00
561750,A50ETF博时,1.182,1.185,0.25,0.028,2.43,39957.0,4657637.0,1.157,1.182,1.152,1.154,2.6,6.2,0.92,0.18,16585.0,23372.0,129734.0,2.79,0.0,0.0,129734.0,2.79,-146346.0,-3.14,16611.0,0.36,-4.0,1.18,1.183,64496000.0,76234272,76234272,2026-07-14,2026-07-14 16:11:40+08:00
159222,自由现金流ETF易方达,1.181,1.1815,0.04,0.028,2.43,503457.0,58746452.795,1.154,1.181,1.154,1.153,2.34,3.47,0.82,31.55,262582.0,240875.0,1993253.0,3.39,430912.0,0.73,1562341.0,2.66,-1950223.0,-3.32,-43029.0,-0.07,-736.0,1.181,1.182,1452370400.0,1715249442,1715249442,2026-07-14,2026-07-14 15:34:54+08:00
159221,现金流ETF嘉实,1.102,1.1027,0.06,0.026,2.42,248704.0,27043286.7,1.076,1.102,1.076,1.076,2.42,2.24,1.09,-87.02,115170.0,133534.0,-748559.0,-2.77,382163.0,1.41,-1130722.0,-4.18,292712.0,1.08,455847.0,1.69,76.0,1.101,1.102,1109013232.0,1222132582,1222132582,2026-07-14,2026-07-14 15:34:21+08:00
159606,中证500成长ETF易方达,1.352,1.3541,0.16,0.032,2.42,103163.0,13741536.705,1.32,1.353,1.308,1.32,3.41,2.73,0.8,8.58,55587.0,47576.0,1393514.0,10.14,1340241.0,9.75,53273.0,0.39,-946507.0,-6.89,-447007.0,-3.25,222.0,1.349,1.352,377222832.0,510005269,510005269,2026-07-14,2026-07-14 15:34:54+08:00
510720,XD红利国企ETF国泰,0.977,0.9784,0.14,0.023,2.41,3149746.0,305344763.0,0.955,0.98,0.953,0.954,2.83,8.89,1.83,-66.96,2152377.0,997369.0,96029744.0,31.45,114402786.0,37.47,-18373042.0,-6.02,-62876224.0,-20.59,-33153520.0,-10.86,-5312.0,0.976,0.977,3542766000.0,3461282382,3461282382,2026-07-14,2026-07-14 16:11:40+08:00
561380,电网设备ETF国泰,0.765,0.766,0.13,0.018,2.41,1435193.0,107493790.0,0.747,0.765,0.732,0.747,4.42,2.24,0.67,-5.98,835784.0,599409.0,5817316.0,5.41,13167033.0,12.25,-7349717.0,-6.84,-3738839.0,-3.48,-2078475.0,-1.93,-9465.0,0.765,0.766,6396034048.0,4892966047,4892966047,2026-07-14,2026-07-14 16:11:41+08:00
159627,A100ETF华夏,1.359,1.3623,0.24,0.032,2.41,80391.0,10761754.2,1.33,1.359,1.322,1.327,2.79,42.05,1.17,43.55,36333.0,44058.0,-562944.0,-5.23,0.0,0.0,-562944.0,-5.23,533330.0,4.96,29614.0,0.28,-1000.0,1.355,1.364,19116776.0,25979699,25979699,2026-07-14,2026-07-14 15:34:54+08:00
159623,成渝经济圈ETF博时,1.021,1.0208,-0.02,0.024,2.41,334929.0,33658361.2,0.998,1.022,0.994,0.997,2.81,1.09,2.13,-97.29,71820.0,263109.0,296531.0,0.88,6998750.0,20.79,-6702219.0,-19.91,-272588.0,-0.81,-23943.0,-0.07,-9654.0,1.017,1.02,3080271696.0,3144957402,3144957402,2026-07-14,2026-07-14 15:34:39+08:00
515950,医药50ETF富国,0.933,0.9345,0.16,0.022,2.41,232695.0,21473299.0,0.911,0.934,0.903,0.911,3.4,3.86,1.33,0.96,137011.0,95684.0,-537242.0,-2.5,1402330.0,6.53,-1939572.0,-9.03,1026385.0,4.78,-489142.0,-2.28,-523.0,0.932,0.933,603200608.0,562786167,562786167,2026-07-14,2026-07-14 16:11:51+08:00
561960,央企回报ETF招商,1.202,1.2045,0.21,0.028,2.39,13222.0,1575689.0,1.182,1.203,1.181,1.174,1.87,2.41,0.65,0.21,8264.0,4958.0,44297.0,2.81,72456.0,4.6,-28159.0,-1.79,2373.0,0.15,-46670.0,-2.96,-200.0,1.201,1.205,54785200.0,65851810,65851810,2026-07-14,2026-07-14 16:11:49+08:00
520990,港股央企红利ETF景顺,0.946,0.9451,-0.1,0.022,2.38,2334333.0,219237302.0,0.93,0.948,0.928,0.924,2.16,6.44,1.48,-14.33,1276740.0,1057593.0,-2193731.0,-1.0,7255334.0,3.31,-9449065.0,-4.31,-240016.0,-0.11,2433747.0,1.11,-5096.0,0.945,0.946,3624470496.0,3428749089,3428749089,2026-07-14,2026-07-14 16:11:46+08:00
159276,现金流ETF汇添富,1.035,1.036,0.1,0.024,2.37,47033.0,4831935.402,1.015,1.035,1.015,1.011,1.98,1.27,1.08,-3.47,16308.0,30725.0,345596.0,7.15,-55848.0,-1.16,401444.0,8.31,-330985.0,-6.85,-14610.0,-0.3,10.0,1.034,1.035,369696656.0,382636039,382636039,2026-07-14,2026-07-14 15:34:39+08:00
563990,800现金流ETF富国,1.17,1.1722,0.19,0.027,2.36,110463.0,12772886.0,1.149,1.17,1.146,1.143,2.1,2.74,1.01,18.99,48042.0,62421.0,1614386.0,12.64,1535248.0,12.02,79138.0,0.62,-647903.0,-5.07,-966484.0,-7.57,-42.0,1.168,1.171,403573008.0,472180419,472180419,2026-07-14,2026-07-14 16:11:36+08:00
159645,疫苗ETF富国,0.608,0.6094,0.23,0.014,2.36,19898.0,1196365.6,0.588,0.609,0.588,0.594,3.54,2.99,0.89,-3.32,15459.0,4439.0,-112709.0,-9.42,339623.0,28.39,-452332.0,-37.81,61146.0,5.11,51563.0,4.31,-65.0,0.608,0.61,66540740.0,40456770,40456770,2026-07-14,2026-07-14 15:34:48+08:00
515090,可持续发展ETF博时,1.43,1.4248,-0.36,0.033,2.36,6174.0,866862.0,1.395,1.439,1.389,1.397,3.58,7.01,0.39,-1.11,1467.0,4707.0,39845.0,4.6,0.0,0.0,39845.0,4.6,-140.0,-0.02,-39705.0,-4.58,-1464.0,1.422,1.43,8801700.0,12586431,12586431,2026-07-14,2026-07-14 16:12:02+08:00
561260,能源ETF工银,1.214,1.2167,0.22,0.028,2.36,51874.0,6208487.0,1.186,1.215,1.186,1.186,2.45,20.19,1.26,-4.0,33346.0,18528.0,174500.0,2.81,0.0,0.0,174500.0,2.81,-87640.0,-1.41,-86861.0,-1.4,3.0,1.214,1.215,25695200.0,31193973,31193973,2026-07-14,2026-07-14 16:11:49+08:00
560700,央企红利ETF广发,1.128,1.1304,0.21,0.026,2.36,107266.0,11948636.0,1.102,1.129,1.101,1.102,2.54,2.98,1.27,30.69,50971.0,56295.0,2575676.0,21.56,1530331.0,12.81,1045345.0,8.75,-377845.0,-3.16,-2197832.0,-18.39,-179.0,1.127,1.128,359536896.0,405557619,405557619,2026-07-14,2026-07-14 16:11:49+08:00
515110,一带一路ETF易方达,1.571,1.5682,-0.18,0.036,2.35,118574.0,18298518.0,1.535,1.571,1.53,1.535,2.67,5.26,1.3,2.18,80290.0,38284.0,4855296.0,26.53,3003899.0,16.42,1851397.0,10.12,-646919.0,-3.54,-4208377.0,-23.0,1.0,1.568,1.571,225295000.0,353938445,353938445,2026-07-14,2026-07-14 16:11:54+08:00
561200,中证A100ETF工银,1.522,1.5275,0.36,0.035,2.35,33667.0,5044363.0,1.484,1.522,1.478,1.487,2.96,11.42,1.3,14.42,20376.0,13291.0,19277.0,0.38,-149.0,0.0,19426.0,0.39,6300.0,0.12,-25577.0,-0.51,1400.0,1.524,1.527,29470500.0,44854101,44854101,2026-07-14,2026-07-14 16:11:45+08:00
510880,红利ETF华泰柏瑞,3.138,3.1435,0.17,0.072,2.35,4942392.0,1539920318.0,3.07,3.148,3.065,3.066,2.71,6.24,1.88,-9.15,2982433.0,1959959.0,96946128.0,6.3,126511552.0,8.22,-29565424.0,-1.92,-162075367.0,-10.52,65129216.0,4.23,-11436.0,3.138,3.139,7914675712.0,24836252384,24836252384,2026-07-14,2026-07-14 16:11:35+08:00
561780,1000增强ETF博时,1.612,1.6132,0.07,0.037,2.35,10010.0,1585509.0,1.557,1.613,1.556,1.575,3.62,6.52,0.98,-31.87,4609.0,5401.0,-159206.0,-10.04,0.0,0.0,-159206.0,-10.04,153986.0,9.71,5220.0,0.33,-300.0,1.61,1.612,15355800.0,24753550,24753550,2026-07-14,2026-07-14 16:11:43+08:00
563680,800现金流ETF汇添富,1.132,1.1344,0.21,0.026,2.35,42920.0,4792791.0,1.11,1.132,1.11,1.106,1.99,3.87,0.84,-0.7,18646.0,24274.0,381222.0,7.95,4440.0,0.09,376782.0,7.86,37520.0,0.78,-418741.0,-8.74,-49.0,1.132,1.133,110959000.0,125605588,125605588,2026-07-14,2026-07-14 16:11:46+08:00
563210,专精特新ETF富国,2.361,2.3516,-0.4,0.054,2.34,138672.0,32011766.0,2.291,2.366,2.225,2.307,6.11,13.07,0.94,-81.05,81695.0,56977.0,3242059.0,10.13,3066854.0,9.58,175205.0,0.55,-3873110.0,-12.1,631051.0,1.97,-774.0,2.36,2.361,106067000.0,250424187,250424187,2026-07-14,2026-07-14 16:11:48+08:00
159800,中证800ETF鹏华,1.484,1.4834,-0.04,0.034,2.34,8487.0,1239089.9,1.45,1.485,1.44,1.45,3.1,3.17,0.98,58.87,6890.0,1597.0,465832.0,37.59,0.0,0.0,465832.0,37.59,-404287.0,-32.63,-61544.0,-4.97,2.0,1.479,1.487,26736802.0,39677414,39677414,2026-07-14,2026-07-14 15:34:24+08:00
562560,信息技术ETF华夏,2.663,2.6622,-0.03,0.061,2.34,15786.0,4120428.0,2.62,2.683,2.514,2.602,6.5,6.51,0.89,1.69,10286.0,5500.0,113669.0,2.76,0.0,0.0,113669.0,2.76,11664.0,0.28,-125332.0,-3.04,-760.0,2.656,2.671,24265500.0,64619027,64619027,2026-07-14,2026-07-14 16:12:01+08:00
159019,石油ETF华宝,0.873,0.8715,-0.17,0.02,2.34,216170.0,18521662.4,0.89,0.91,0.848,0.853,7.27,38.38,0.98,29.5,134980.0,81190.0,2721751.0,14.69,-203672.0,-1.1,2925423.0,15.79,245911.0,1.33,-2967662.0,-16.02,-104.0,0.873,0.875,56327711.0,49174092,49174092,2026-07-14,2026-07-14 15:34:00+08:00
515150,一带一路ETF富国,1.492,1.4949,0.19,0.034,2.33,21953.0,3228717.0,1.458,1.494,1.457,1.458,2.54,0.55,0.79,-0.04,12581.0,9372.0,393794.0,12.2,316199.0,9.79,77595.0,2.4,-101842.0,-3.15,-291952.0,-9.04,-26.0,1.491,1.492,398703200.0,594865174,594865174,2026-07-14,2026-07-14 16:12:02+08:00
563580,自由现金流800ETF万家,1.055,1.0565,0.14,0.024,2.33,81717.0,8481305.0,1.031,1.055,1.031,1.031,2.33,3.17,1.0,-1.93,44468.0,37249.0,874952.0,10.32,511387.0,6.03,363565.0,4.29,-80017.0,-0.94,-794937.0,-9.37,-48.0,1.054,1.055,257648000.0,271818640,271818640,2026-07-14,2026-07-14 16:11:37+08:00
517950,沪深港科技50ETF交银,1.276,1.2717,-0.34,0.029,2.33,131185.0,16390920.0,1.237,1.287,1.222,1.247,5.21,24.02,1.11,-9.97,89292.0,41893.0,-197153.0,-1.2,1947530.0,11.88,-2144683.0,-13.08,177029.0,1.08,20122.0,0.12,-3137.0,1.276,1.277,54623200.0,69699203,69699203,2026-07-14,2026-07-14 16:11:39+08:00
560250,红利质量ETF富国,0.925,0.925,0.0,0.021,2.32,60666.0,5575873.0,0.904,0.925,0.904,0.904,2.32,2.16,1.13,-3.1,41717.0,18949.0,1141104.0,20.47,2270515.0,40.72,-1129411.0,-20.26,-1024155.0,-18.37,-116948.0,-2.1,-15.0,0.923,0.925,280333008.0,259308032,259308032,2026-07-14,2026-07-14 16:11:39+08:00
159703,新材料ETF天弘,0.972,0.9709,-0.11,0.022,2.32,71574.0,6866889.0,0.957,0.973,0.927,0.95,4.84,10.91,0.77,-28.34,38374.0,33200.0,527484.0,7.68,1482040.0,21.58,-954556.0,-13.9,-394990.0,-5.75,-132494.0,-1.93,109.0,0.97,0.972,65581591.0,63745306,63745306,2026-07-14,2026-07-14 15:34:33+08:00
159601,A50ETF华夏,1.15,1.1522,0.19,0.026,2.31,617159.0,69933629.782,1.123,1.151,1.117,1.124,3.02,4.79,0.99,6.05,365294.0,251865.0,432139.0,0.62,2111039.0,3.02,-1678900.0,-2.4,186900.0,0.27,-619038.0,-0.89,1082.0,1.149,1.15,1289388080.0,1482796292,1482796292,2026-07-14,2026-07-14 15:34:27+08:00
159226,中证A500增强ETF国泰,1.283,1.2889,0.46,0.029,2.31,180562.0,22797117.3,1.268,1.284,1.245,1.254,3.11,20.04,0.94,-59.19,83478.0,97084.0,1227817.0,5.39,1611543.0,7.07,-383726.0,-1.68,-21664.0,-0.1,-1206154.0,-5.29,543.0,1.282,1.283,90094840.0,115591680,115591680,2026-07-14,2026-07-14 15:34:36+08:00
159686,A100ETF易方达,1.331,1.3334,0.18,0.03,2.31,142257.0,18580221.4,1.31,1.333,1.29,1.301,3.31,18.28,1.35,0.1,74670.0,67587.0,1955337.0,10.52,0.0,0.0,1955337.0,10.52,-1977001.0,-10.64,21664.0,0.12,-24.0,1.329,1.336,77815386.0,103572279,103572279,2026-07-14,2026-07-14 15:34:27+08:00
561180,A100ETF富国,1.373,1.3777,0.34,0.031,2.31,13327.0,1806453.0,1.342,1.374,1.338,1.342,2.68,2.8,0.61,0.3,7815.0,5512.0,416519.0,23.06,0.0,0.0,416519.0,23.06,-406738.0,-22.52,-9782.0,-0.54,-16.0,1.374,1.377,47609600.0,65367981,65367981,2026-07-14,2026-07-14 16:12:01+08:00
159052,新能源电池ETF嘉实,0.889,0.8903,0.15,0.02,2.3,66091.0,5782647.152,0.874,0.889,0.851,0.869,4.37,3.36,0.84,-31.59,29955.0,36136.0,859530.0,14.86,1686029.0,29.16,-826499.0,-14.29,-893394.0,-15.45,33865.0,0.59,139.0,0.888,0.889,196926092.0,175067296,175067296,2026-07-14,2026-07-14 15:34:15+08:00
159903,深成ETF南方,1.82,1.8239,0.21,0.041,2.3,577737.0,103300196.015,1.77,1.82,1.753,1.779,3.77,15.61,1.48,49.81,295341.0,282396.0,3828114.0,3.71,-8148592.0,-7.89,11976706.0,11.59,-1012020.0,-0.98,-2816094.0,-2.73,4473.0,1.819,1.82,370154512.0,673681212,673681212,2026-07-14,2026-07-14 15:34:48+08:00
588850,科创机械ETF嘉实,1.961,1.9656,0.23,0.044,2.3,124469.0,24037980.0,1.917,1.982,1.874,1.917,5.63,15.04,0.8,14.35,60855.0,63614.0,2962556.0,12.32,2209623.0,9.19,752933.0,3.13,-2133351.0,-8.87,-829206.0,-3.45,-702.0,1.961,1.962,82779000.0,162329619,162329619,2026-07-14,2026-07-14 16:11:52+08:00
510770,G60创新ETF申万菱信,1.023,1.0298,0.66,0.023,2.3,155814.0,15550849.0,1.0,1.03,0.972,1.0,5.8,50.9,2.29,-6.47,113875.0,41939.0,6684921.0,42.99,0.0,0.0,6684921.0,42.99,-171729.0,-1.1,-6513192.0,-41.88,-103.0,1.021,1.023,30610700.0,31314746,31314746,2026-07-14,2026-07-14 16:11:46+08:00
510330,沪深300ETF华夏,5.053,5.0448,-0.16,0.113,2.29,1851280.0,922175693.0,4.94,5.053,4.898,4.94,3.14,2.44,1.26,87.04,942424.0,908855.0,-38785276.0,-4.21,-53322560.0,-5.78,14537284.0,1.58,34810457.0,3.77,3974808.0,0.43,-6665.0,5.053,5.054,7578249728.0,38292895876,38292895876,2026-07-14,2026-07-14 16:11:57+08:00
159386,A500ETF永赢,1.342,1.3468,0.36,0.03,2.29,323864.0,42706426.7,1.323,1.342,1.3,1.312,3.2,46.35,1.48,55.59,150723.0,173141.0,-485495.0,-1.14,1541648.0,3.61,-2027143.0,-4.75,362748.0,0.85,122748.0,0.29,1.0,1.337,1.342,69869559.0,93764948,93764948,2026-07-14,2026-07-14 15:34:27+08:00
563500,A500ETF华宝,0.67,0.6715,0.22,0.015,2.29,528486.0,34706133.0,0.654,0.671,0.647,0.655,3.66,7.62,1.28,0.06,254578.0,273908.0,-960521.0,-2.77,-1429824.0,-4.12,469303.0,1.35,901789.0,2.6,58732.0,0.17,-11.0,0.67,0.671,693958704.0,464952332,464952332,2026-07-14,2026-07-14 16:11:53+08:00
562330,中证500价值ETF银华,1.208,1.2078,-0.02,0.027,2.29,48099.0,5692250.0,1.172,1.208,1.172,1.181,3.05,48.01,10.27,-0.9,34450.0,13649.0,-336822.0,-5.92,0.0,0.0,-336822.0,-5.92,249727.0,4.39,87095.0,1.53,1.0,1.205,1.208,10018900.0,12102831,12102831,2026-07-14,2026-07-14 16:11:40+08:00
515460,红利质量ETF南方,0.85,0.8508,0.09,0.019,2.29,201369.0,16902954.0,0.831,0.851,0.831,0.831,2.41,6.85,1.04,-3.94,102628.0,98741.0,1088861.0,6.44,3024.0,0.02,1085837.0,6.42,-673159.0,-3.98,-415701.0,-2.46,-690.0,0.85,0.851,294091008.0,249977357,249977357,2026-07-14,2026-07-14 16:11:35+08:00
159665,半导体龙头ETF工银,3.093,3.093,0.0,0.069,2.28,481585.0,145391129.4,2.997,3.099,2.87,3.024,7.57,19.53,1.05,19.84,244458.0,237127.0,1259788.0,0.87,7631886.0,5.25,-6372098.0,-4.38,-3834381.0,-2.64,2574592.0,1.77,-1452.0,3.093,3.094,246576860.0,762662228,762662228,2026-07-14,2026-07-14 15:34:15+08:00
159691,港股红利ETF工银,1.164,1.1618,-0.19,0.026,2.28,1978290.0,227492150.8,1.14,1.166,1.135,1.138,2.72,4.9,0.91,-2.1,1102709.0,875581.0,776413.0,0.34,-3822138.0,-1.68,4598551.0,2.02,922830.0,0.41,-1699243.0,-0.75,-1682.0,1.164,1.165,4035301392.0,4697090820,4697090820,2026-07-14,2026-07-14 15:34:09+08:00
159631,A100ETF招商,1.3,1.3041,0.31,0.029,2.28,53628.0,6851600.6,1.283,1.302,1.262,1.271,3.15,13.63,1.02,29.05,28949.0,24679.0,-175745.0,-2.57,0.0,0.0,-175745.0,-2.57,90801.0,1.33,84944.0,1.24,50.0,1.295,1.305,39332605.0,51132387,51132387,2026-07-14,2026-07-14 15:34:57+08:00
159849,生物科技ETF招商,0.495,0.4958,0.16,0.011,2.27,84872.0,4160056.5,0.485,0.496,0.479,0.484,3.51,4.87,1.05,-63.48,48165.0,36707.0,76001.0,1.83,998673.0,24.01,-922672.0,-22.18,-11294.0,-0.27,-64708.0,-1.56,-101.0,0.495,0.496,174372396.0,86314336,86314336,2026-07-14,2026-07-14 15:34:54+08:00
159305,储能电池ETF广发,0.859,0.862,0.35,0.019,2.26,880121.0,74289789.507,0.837,0.862,0.822,0.84,4.76,7.74,1.04,-0.96,464086.0,416035.0,2023708.0,2.72,2250443.0,3.03,-226735.0,-0.31,-1135964.0,-1.53,-887744.0,-1.19,-1785.0,0.859,0.86,1136640304.0,976374021,976374021,2026-07-14,2026-07-14 15:34:06+08:00
561190,碳中和ETF富国,0.954,0.9554,0.15,0.021,2.25,41870.0,3927064.0,0.935,0.955,0.929,0.933,2.79,2.1,0.69,4.89,22331.0,19539.0,53123.0,1.35,-293489.0,-7.47,346612.0,8.83,1132.0,0.03,-54255.0,-1.38,669.0,0.953,0.954,199318000.0,190149372,190149372,2026-07-14,2026-07-14 16:11:38+08:00
563800,A500ETF广发,1.272,1.2737,0.13,0.028,2.25,4495609.0,560861211.0,1.241,1.272,1.229,1.244,3.46,5.94,1.12,18.93,2251390.0,2244219.0,7194954.0,1.28,50955680.0,9.09,-43760726.0,-7.8,-5397785.0,-0.96,-1797170.0,-0.32,-1808.0,1.27,1.272,7570978048.0,9630284077,9630284077,2026-07-14,2026-07-14 16:11:42+08:00
