代码,名称,最新价,IOPV实时估值,基金折价率,涨跌额,涨跌幅,成交量,成交额,开盘价,最高价,最低价,昨收,振幅,换手率,量比,委比,外盘,内盘,主力净流入-净额,主力净流入-净占比,超大单净流入-净额,超大单净流入-净占比,大单净流入-净额,大单净流入-净占比,中单净流入-净额,中单净流入-净占比,小单净流入-净额,小单净流入-净占比,现手,买一,卖一,最新份额,流通市值,总市值,数据日期,更新时间
561200,中证A100ETF工银,1.585,1.4725,-7.64,0.144,9.99,27656.0,4107051.0,1.472,1.585,1.448,1.441,9.51,9.38,0.86,82.63,12221.0,15435.0,137673.0,3.35,0.0,0.0,137673.0,3.35,-122442.0,-2.98,-15230.0,-0.37,-349.0,1.584,1.585,29470500.0,46710743,46710743,2026-07-20,2026-07-20 16:11:48+08:00
510600,上证50ETF申万菱信,4.041,3.8848,-4.02,0.277,7.36,8101.0,3159140.0,3.792,4.045,3.792,3.764,6.72,6.69,0.87,-95.72,3839.0,4262.0,526654.0,16.67,-218834.0,-6.93,745488.0,23.6,-262374.0,-8.31,-264280.0,-8.37,-113.0,3.998,4.041,12115100.0,48957119,48957119,2026-07-20,2026-07-20 16:11:55+08:00
513350,标普油气ETF富国,1.289,1.2092,-6.6,0.086,7.15,31168528.0,3962341559.0,1.246,1.306,1.239,1.203,5.57,383.97,1.4,-49.28,16868787.0,14299741.0,-7917408.0,-0.2,-10579360.0,-0.27,2661952.0,0.07,3987808.0,0.1,3929600.0,0.1,-242441.0,1.289,1.29,811746000.0,1046340594,1046340594,2026-07-20,2026-07-20 16:11:52+08:00
159945,能源ETF广发,1.333,1.3139,-1.45,0.088,7.07,146370.0,19085389.1,1.248,1.333,1.248,1.245,6.83,23.39,1.82,73.4,94339.0,52031.0,-3292140.0,-17.25,-419135.0,-2.2,-2873005.0,-15.05,1906830.0,9.99,1385310.0,7.26,2281.0,1.33,1.333,62572327.0,83408912,83408912,2026-07-20,2026-07-20 15:34:03+08:00
159518,标普油气ETF嘉实,1.2,1.1525,-4.12,0.075,6.67,14784093.0,1763193069.3,1.16,1.221,1.159,1.125,5.51,90.24,1.96,-34.88,7954513.0,6829580.0,-7002400.0,-0.4,24899360.0,1.41,-31901760.0,-1.81,23213152.0,1.32,-16210759.0,-0.92,144317.0,1.199,1.2,1638325376.0,1965990451,1965990451,2026-07-20,2026-07-20 15:34:39+08:00
515220,煤炭ETF国泰,1.213,1.2113,-0.14,0.075,6.59,10067711.0,1200164538.0,1.142,1.216,1.141,1.138,6.59,7.53,1.08,-54.28,5678506.0,4389206.0,84932816.0,7.08,3664336.0,0.31,81268480.0,6.77,-13322297.0,-1.11,-71610494.0,-5.97,-79109.0,1.212,1.213,13365676800.0,16212565958,16212565958,2026-07-20,2026-07-20 16:11:46+08:00
159930,能源ETF汇添富,1.666,1.6563,-0.59,0.097,6.18,1038588.0,170120476.8,1.574,1.666,1.574,1.569,5.86,16.33,1.16,87.11,493302.0,545286.0,-32822423.0,-19.29,-38884665.0,-22.86,6062242.0,3.56,22642226.0,13.31,10180198.0,5.98,-6987.0,1.666,1.667,635898144.0,1059406308,1059406308,2026-07-20,2026-07-20 15:34:18+08:00
561700,电力ETF博时,1.144,1.1346,-0.83,0.059,5.44,383766.0,43020322.0,1.09,1.144,1.08,1.085,5.9,10.55,3.88,64.8,213103.0,170663.0,-8757133.0,-20.36,-11478052.0,-26.68,2720919.0,6.32,4093390.0,9.52,4663744.0,10.84,-10359.0,1.144,1.146,363813600.0,416202758,416202758,2026-07-20,2026-07-20 16:11:37+08:00
159251,港股通科技ETF万家,0.79,0.7838,-0.79,0.04,5.33,1507753.0,118605126.8,0.77,0.795,0.77,0.75,3.33,62.62,6.51,4.53,821481.0,686272.0,-5383282.0,-4.54,-2570652.0,-2.17,-2812630.0,-2.37,3395131.0,2.86,1988152.0,1.68,5975.0,0.789,0.79,240787744.0,190222318,190222318,2026-07-20,2026-07-20 15:34:00+08:00
517120,创新药ETF华泰柏瑞,0.713,0.7135,0.07,0.035,5.16,771123.0,54331094.0,0.681,0.716,0.68,0.678,5.31,11.88,0.98,-49.64,413375.0,357748.0,2441851.0,4.49,-32596.0,-0.06,2474447.0,4.55,-1809979.0,-3.33,-631871.0,-1.16,-33425.0,0.713,0.714,648966400.0,462713043,462713043,2026-07-20,2026-07-20 16:12:00+08:00
560930,电力ETF易方达,0.918,0.9076,-1.15,0.045,5.15,623018.0,55675433.0,0.869,0.918,0.866,0.873,5.96,29.95,4.39,42.91,275517.0,347501.0,-4730335.0,-8.5,-313400.0,-0.56,-4416935.0,-7.93,3078552.0,5.53,1651782.0,2.97,-9669.0,0.918,0.919,208024000.0,190966032,190966032,2026-07-20,2026-07-20 16:11:34+08:00
159148,石油ETF富国,0.93,0.9163,-1.5,0.045,5.08,300477.0,27438846.2,0.893,0.93,0.893,0.885,4.18,13.33,1.32,84.4,166575.0,133902.0,769290.0,2.8,-879775.0,-3.21,1649065.0,6.01,-267307.0,-0.97,-501983.0,-1.83,-1755.0,0.93,0.931,225466601.0,209683939,209683939,2026-07-20,2026-07-20 15:34:21+08:00
159018,石油ETF广发,0.854,0.8438,-1.21,0.041,5.04,117459.0,9916953.342,0.82,0.858,0.82,0.813,4.67,38.01,2.12,-70.66,61225.0,56234.0,-1700377.0,-17.15,-713296.0,-7.19,-987081.0,-9.95,957892.0,9.66,742484.0,7.49,3409.0,0.853,0.854,30904203.0,26392189,26392189,2026-07-20,2026-07-20 15:34:36+08:00
562350,电力ETF银华,1.14,1.1315,-0.75,0.054,4.97,449986.0,50151465.0,1.075,1.14,1.075,1.086,5.99,29.72,2.58,18.37,249716.0,200270.0,-4713532.0,-9.4,-2329802.0,-4.65,-2383730.0,-4.75,2001453.0,3.99,2712079.0,5.41,-8478.0,1.14,1.141,151410900.0,172608426,172608426,2026-07-20,2026-07-20 16:11:32+08:00
516370,电力ETF汇添富,0.955,0.9486,-0.67,0.045,4.95,936185.0,87724444.0,0.908,0.955,0.901,0.91,5.93,29.78,4.28,62.31,523379.0,412806.0,-11801184.0,-13.45,-16510988.0,-18.82,4709804.0,5.37,7460824.0,8.5,4340359.0,4.95,-10039.0,0.955,0.956,314408000.0,300259640,300259640,2026-07-20,2026-07-20 16:12:01+08:00
159158,电力ETF景顺,1.041,1.0297,-1.1,0.049,4.94,943133.0,95696890.266,0.985,1.059,0.981,0.992,7.86,8.85,2.53,87.38,546240.0,396894.0,-4402865.0,-4.6,800725.0,0.84,-5203590.0,-5.44,2158729.0,2.26,2244137.0,2.35,-7719.0,1.041,1.043,1065535344.0,1109222293,1109222293,2026-07-20,2026-07-20 15:34:24+08:00
512140,电力ETF华安,0.953,0.946,-0.74,0.044,4.84,420241.0,39069459.0,0.905,0.953,0.897,0.909,6.16,24.86,2.47,64.23,227389.0,192852.0,94943.0,0.24,-890021.0,-2.28,984964.0,2.52,858185.0,2.2,-953129.0,-2.44,-5860.0,0.953,0.954,169049000.0,161103697,161103697,2026-07-20,2026-07-20 16:11:42+08:00
520500,恒生创新药ETF华泰柏瑞,1.415,1.4162,0.08,0.064,4.74,21315155.0,2990949566.0,1.376,1.42,1.36,1.351,4.44,87.87,0.87,-30.83,10813535.0,10501620.0,163210768.0,5.46,40347248.0,1.35,122863520.0,4.11,-102651680.0,-3.43,-60559083.0,-2.02,-63478.0,1.415,1.416,2425805008.0,3432514086,3432514086,2026-07-20,2026-07-20 16:11:44+08:00
560830,电力ETF华夏,0.932,0.9273,-0.51,0.042,4.72,666692.0,60912642.0,0.89,0.933,0.882,0.89,5.73,8.83,2.59,30.3,348925.0,317767.0,2015126.0,3.31,-1007502.0,-1.65,3022628.0,4.96,-1672615.0,-2.75,-342512.0,-0.56,-7860.0,0.932,0.933,755019008.0,703677715,703677715,2026-07-20,2026-07-20 16:11:49+08:00
159061,绿色电力ETF南方,0.955,0.9498,-0.55,0.043,4.71,135882.0,12751483.245,0.915,0.955,0.911,0.912,4.82,5.92,2.09,86.03,80926.0,54955.0,1913232.0,15.0,-937001.0,-7.35,2850233.0,22.35,-1243722.0,-9.75,-669511.0,-5.25,-917.0,0.955,0.956,229640230.0,219306420,219306420,2026-07-20,2026-07-20 15:34:57+08:00
159146,电力ETF华宝,1.047,1.04,-0.67,0.047,4.7,696582.0,71257033.226,1.001,1.047,0.988,1.0,5.9,9.02,2.0,66.28,391059.0,305523.0,1635277.0,2.29,-565576.0,-0.79,2200853.0,3.09,-548419.0,-0.77,-1086857.0,-1.53,-2398.0,1.047,1.048,772440848.0,808745568,808745568,2026-07-20,2026-07-20 15:34:42+08:00
159611,电力ETF广发,1.081,1.0747,-0.59,0.048,4.65,12437997.0,1315876490.442,1.027,1.081,1.022,1.033,5.71,13.62,2.38,87.0,7433536.0,5004462.0,-74070320.0,-5.63,-145376128.0,-11.05,71305808.0,5.42,67456894.0,5.13,6613426.0,0.5,-170099.0,1.081,1.082,9129562880.0,9869057473,9869057473,2026-07-20,2026-07-20 15:34:24+08:00
562960,绿色电力ETF易方达,1.178,1.173,-0.43,0.052,4.62,753312.0,86833367.0,1.127,1.179,1.119,1.126,5.33,6.03,2.0,4.86,456970.0,296342.0,794113.0,0.91,-993636.0,-1.14,1787749.0,2.06,1438149.0,1.66,-2232262.0,-2.57,-16991.0,1.177,1.178,1248391008.0,1470604607,1470604607,2026-07-20,2026-07-20 16:11:49+08:00
561170,绿色电力ETF富国,1.182,1.1778,-0.36,0.052,4.6,655139.0,75732344.0,1.127,1.188,1.12,1.13,6.02,11.92,1.97,39.72,327237.0,327902.0,3480207.0,4.6,-11427564.0,-15.09,14907771.0,19.68,-2679243.0,-3.54,-800965.0,-1.06,-14427.0,1.181,1.182,549532704.0,649547656,649547656,2026-07-20,2026-07-20 16:11:52+08:00
159738,云计算ETF华泰柏瑞,2.091,2.0856,-0.26,0.092,4.6,205155.0,42818455.2,2.025,2.119,2.025,1.999,4.7,15.2,1.17,92.26,106942.0,98213.0,-3659823.0,-8.55,-1046533.0,-2.44,-2613290.0,-6.1,2548436.0,5.95,1111387.0,2.6,-243.0,2.091,2.1,134992667.0,282269667,282269667,2026-07-20,2026-07-20 15:34:24+08:00
512690,酒ETF鹏华,0.432,0.4316,-0.09,0.019,4.6,30219973.0,1288430338.0,0.415,0.433,0.414,0.413,4.6,9.03,1.36,-50.2,16991430.0,13228543.0,109339824.0,8.49,113210320.0,8.79,-3870496.0,-0.3,-69969342.0,-5.43,-39370469.0,-3.06,-176365.0,0.431,0.432,33457750272.0,14453748118,14453748118,2026-07-20,2026-07-20 16:11:56+08:00
159217,港股通创新药ETF工银,1.167,1.1585,-0.73,0.051,4.57,9572636.0,1106270906.3,1.132,1.167,1.124,1.116,3.85,16.62,0.76,25.54,4864045.0,4708591.0,25854086.0,2.34,-8401978.0,-0.76,34256064.0,3.1,-18247905.0,-1.65,-7606181.0,-0.69,18346.0,1.166,1.167,5760157696.0,6722104031,6722104031,2026-07-20,2026-07-20 15:34:39+08:00
159669,绿色电力ETF国泰,1.143,1.1371,-0.52,0.05,4.57,182289.0,20491528.1,1.093,1.143,1.085,1.093,5.31,8.77,3.53,73.33,100342.0,81947.0,-1914029.0,-9.34,-1364218.0,-6.66,-549811.0,-2.68,1158831.0,5.66,755200.0,3.69,-7079.0,1.143,1.144,207754781.0,237463715,237463715,2026-07-20,2026-07-20 15:34:06+08:00
159506,港股通创新药医疗ETF富国,1.223,1.2186,-0.36,0.053,4.53,8142844.0,989192355.0,1.191,1.227,1.18,1.17,4.02,31.23,0.79,-13.39,4248559.0,3894285.0,-17832802.0,-1.8,-10254178.0,-1.04,-7578624.0,-0.77,-19580864.0,-1.98,37413685.0,3.78,-12636.0,1.223,1.224,2607536976.0,3189017722,3189017722,2026-07-20,2026-07-20 15:34:27+08:00
159229,自由现金流ETF广发,1.179,1.1735,-0.47,0.051,4.52,125285.0,14524798.3,1.126,1.179,1.126,1.128,4.7,8.88,1.0,28.57,76159.0,49126.0,-93990.0,-0.65,-560919.0,-3.86,466929.0,3.21,-29192.0,-0.2,123182.0,0.85,110.0,1.177,1.179,141056022.0,166305050,166305050,2026-07-20,2026-07-20 15:34:27+08:00
560480,电力ETF招商,0.927,0.9237,-0.36,0.04,4.51,316075.0,28788502.0,0.887,0.935,0.879,0.887,6.31,21.31,2.31,50.04,171445.0,144630.0,-4604099.0,-15.99,-4537749.0,-15.76,-66350.0,-0.23,2698244.0,9.37,1905855.0,6.62,-613.0,0.927,0.928,148303000.0,137476881,137476881,2026-07-20,2026-07-20 16:12:01+08:00
517390,云计算ETF天弘,1.973,1.9682,-0.24,0.085,4.5,70880.0,13941794.0,1.936,2.0,1.925,1.888,3.97,5.41,1.04,47.91,41242.0,29638.0,-1568753.0,-11.25,-266017.0,-1.91,-1302736.0,-9.34,482972.0,3.46,1085780.0,7.79,-2283.0,1.973,1.978,131112600.0,258685160,258685160,2026-07-20,2026-07-20 16:11:52+08:00
159981,能源化工ETF建信,1.545,1.547,0.13,0.066,4.46,3216405.0,496490495.8,1.54,1.554,1.534,1.479,1.35,18.07,1.04,43.39,1779351.0,1437054.0,16650705.0,3.35,15149926.0,3.05,1500779.0,0.3,-64459.0,-0.01,-16586246.0,-3.34,18527.0,1.544,1.545,1779536960.0,2749384603,2749384603,2026-07-20,2026-07-20 15:34:15+08:00
159838,医药50ETF博时,0.59,0.5911,0.19,0.025,4.42,246642.0,14376597.9,0.56,0.59,0.56,0.565,5.31,9.18,1.48,-53.32,173387.0,73255.0,54704.0,0.38,-2463879.0,-17.14,2518583.0,17.52,132659.0,0.92,-187361.0,-1.3,4000.0,0.589,0.59,268763456.0,158570439,158570439,2026-07-20,2026-07-20 15:34:15+08:00
562850,央企能源ETF嘉实,1.261,1.2584,-0.21,0.053,4.39,94474.0,11672210.0,1.215,1.263,1.21,1.208,4.39,4.35,0.89,6.71,39764.0,54710.0,-245008.0,-2.1,286871.0,2.46,-531879.0,-4.56,295759.0,2.53,-50750.0,-0.43,-205.0,1.258,1.261,216981500.0,273613672,273613672,2026-07-20,2026-07-20 16:11:39+08:00
159309,油气ETF汇添富,1.285,1.2747,-0.81,0.054,4.39,713995.0,91004716.1,1.241,1.289,1.241,1.231,3.9,12.81,1.27,-49.69,445395.0,268600.0,-3831029.0,-4.21,-10280776.0,-11.3,6449747.0,7.09,3497343.0,3.84,333686.0,0.37,5579.0,1.284,1.285,557371744.0,716222691,716222691,2026-07-20,2026-07-20 15:34:30+08:00
560460,电力ETF平安,0.93,0.929,-0.11,0.039,4.38,249188.0,22693368.0,0.893,0.93,0.886,0.891,4.94,7.82,2.68,-18.16,152930.0,96258.0,2511987.0,11.07,-2854491.0,-12.58,5366478.0,23.65,-2355352.0,-10.38,-156635.0,-0.69,-3316.0,0.929,0.93,318537008.0,296239417,296239417,2026-07-20,2026-07-20 16:11:47+08:00
561560,电力ETF华泰柏瑞,1.31,1.3059,-0.31,0.055,4.38,1392640.0,178874520.0,1.256,1.31,1.242,1.255,5.42,6.52,2.12,52.23,714265.0,678375.0,3372443.0,1.89,-17199091.0,-9.62,20571534.0,11.5,-2494697.0,-1.39,-877746.0,-0.49,-25772.0,1.31,1.311,2137124208.0,2799632712,2799632712,2026-07-20,2026-07-20 16:11:47+08:00
589120,科创创新药ETF汇添富,0.862,0.8602,-0.21,0.036,4.36,3299291.0,279096039.0,0.816,0.868,0.816,0.826,6.3,25.64,0.89,8.46,1602049.0,1697242.0,24698438.0,8.85,26781637.0,9.6,-2083199.0,-0.75,-16034783.0,-5.75,-8663654.0,-3.1,-22500.0,0.862,0.863,1286620000.0,1109066440,1109066440,2026-07-20,2026-07-20 16:12:00+08:00
562550,绿电ETF华夏,1.175,1.1714,-0.31,0.049,4.35,1755724.0,201360256.0,1.12,1.18,1.114,1.126,5.86,10.57,1.68,23.34,977155.0,778569.0,5323279.0,2.64,-829471.0,-0.41,6152750.0,3.06,948183.0,0.47,-6271462.0,-3.11,-14129.0,1.175,1.176,1660919296.0,1951580173,1951580173,2026-07-20,2026-07-20 16:11:54+08:00
159019,石油ETF华宝,0.865,0.8623,-0.31,0.036,4.34,123986.0,10656176.0,0.837,0.869,0.837,0.829,3.86,24.64,0.71,46.52,51655.0,72331.0,205292.0,1.93,855000.0,8.02,-649708.0,-6.1,-220110.0,-2.07,14819.0,0.14,-1.0,0.865,0.867,50327711.0,43533470,43533470,2026-07-20,2026-07-20 15:34:36+08:00
159046,绿电ETF天弘,0.939,0.9385,-0.05,0.039,4.33,278446.0,25783383.802,0.9,0.94,0.87,0.9,7.78,6.35,1.62,-41.58,168303.0,110142.0,3050591.0,11.83,-699622.0,-2.71,3750213.0,14.55,-2283753.0,-8.86,-766837.0,-2.97,-1443.0,0.939,0.94,438476848.0,411729760,411729760,2026-07-20,2026-07-20 15:34:45+08:00
159697,石油ETF鹏华,1.236,1.2291,-0.56,0.051,4.3,1033356.0,126470678.1,1.194,1.236,1.194,1.185,3.54,9.58,1.74,-22.65,602774.0,430582.0,-5927612.0,-4.69,-19279489.0,-15.24,13351877.0,10.56,1635257.0,1.29,4292356.0,3.39,-3485.0,1.236,1.237,1079022000.0,1333671192,1333671192,2026-07-20,2026-07-20 15:34:12+08:00
159550,互联网ETF东财,0.829,0.8239,-0.62,0.034,4.28,172281.0,14085250.2,0.796,0.829,0.796,0.795,4.15,8.45,1.17,49.26,95673.0,76608.0,-624363.0,-4.43,-707664.0,-5.02,83301.0,0.59,940480.0,6.68,-316117.0,-2.24,-2536.0,0.829,0.83,203828785.0,168974063,168974063,2026-07-20,2026-07-20 15:34:03+08:00
159588,石油ETF景顺,1.169,1.1655,-0.3,0.048,4.28,153949.0,17888619.9,1.132,1.172,1.132,1.121,3.57,3.41,0.75,21.4,90480.0,63469.0,-485335.0,-2.71,-628636.0,-3.51,143301.0,0.8,585699.0,3.27,-100365.0,-0.56,-552.0,1.169,1.17,451284864.0,527552006,527552006,2026-07-20,2026-07-20 15:34:57+08:00
563580,自由现金流800ETF万家,1.096,1.0933,-0.25,0.045,4.28,88620.0,9558111.0,1.055,1.107,1.051,1.051,5.33,3.44,1.16,4.26,49659.0,38961.0,1693868.0,17.72,698423.0,7.31,995445.0,10.41,-460202.0,-4.81,-1233666.0,-12.91,-2945.0,1.095,1.096,257648000.0,282382208,282382208,2026-07-20,2026-07-20 16:11:38+08:00
520690,港股创新药ETF博时,0.732,0.7308,-0.16,0.03,4.27,2695790.0,196166173.0,0.713,0.735,0.712,0.702,3.28,40.09,0.82,-44.45,1434083.0,1261707.0,13465371.0,6.86,8653322.0,4.41,4812049.0,2.45,-11129768.0,-5.67,-2335602.0,-1.19,-5702.0,0.732,0.733,672454000.0,492236328,492236328,2026-07-20,2026-07-20 16:11:51+08:00
520650,港股通互联网ETF南方,0.637,0.6318,-0.82,0.026,4.26,4466565.0,282793658.0,0.624,0.638,0.623,0.611,2.45,21.39,1.34,-20.94,1942250.0,2524315.0,1355577.0,0.48,37659395.0,13.32,-36303818.0,-12.84,-846547.0,-0.3,-509030.0,-0.18,-1713.0,0.636,0.637,2088255008.0,1330218440,1330218440,2026-07-20,2026-07-20 16:11:40+08:00
159748,创新药ETF富国,0.786,0.7842,-0.23,0.032,4.24,2020384.0,157100442.582,0.754,0.791,0.751,0.754,5.31,10.66,0.71,-4.93,1027324.0,993059.0,13646695.0,8.69,-231882.0,-0.15,13878577.0,8.83,-6655206.0,-4.24,-6991488.0,-4.45,-12294.0,0.786,0.787,1895692128.0,1490014013,1490014013,2026-07-20,2026-07-20 15:34:33+08:00
560450,电力ETF天弘,0.962,0.9636,0.17,0.039,4.23,340395.0,32278700.0,0.921,0.962,0.914,0.923,5.2,11.42,1.51,41.4,206018.0,134377.0,3502633.0,10.85,1150995.0,3.57,2351638.0,7.29,-2220964.0,-6.88,-1281668.0,-3.97,-2031.0,0.962,0.963,298069008.0,286742386,286742386,2026-07-20,2026-07-20 16:11:44+08:00
560660,云计算50ETF新华,1.111,1.11,-0.09,0.045,4.22,223395.0,24825588.0,1.09,1.136,1.072,1.066,6.0,15.52,1.43,39.1,104793.0,118602.0,-1757165.0,-7.08,-1638203.0,-6.6,-118962.0,-0.48,387128.0,1.56,1370038.0,5.52,-1849.0,1.109,1.111,143938000.0,159915118,159915118,2026-07-20,2026-07-20 16:11:49+08:00
520700,港股通创新药ETF万家,1.461,1.4599,-0.08,0.059,4.21,3955449.0,576117842.0,1.422,1.473,1.421,1.402,3.71,82.91,0.89,-59.51,2088531.0,1866918.0,6838065.0,1.19,-4268828.0,-0.74,11106893.0,1.93,-295243.0,-0.05,-6542822.0,-1.14,-7629.0,1.461,1.462,477076000.0,697008036,697008036,2026-07-20,2026-07-20 16:11:40+08:00
513780,港股创新药ETF景顺,1.517,1.5163,-0.05,0.061,4.19,5234422.0,792611154.0,1.48,1.533,1.478,1.456,3.78,30.43,0.97,-81.19,2694806.0,2539616.0,-4934167.0,-0.62,-18348263.0,-2.31,13414096.0,1.69,-4972528.0,-0.63,9906677.0,1.25,-13144.0,1.516,1.517,1720157008.0,2609478181,2609478181,2026-07-20,2026-07-20 16:11:38+08:00
516820,医疗创新ETF平安,0.348,0.3497,0.49,0.014,4.19,2128112.0,72906095.0,0.334,0.348,0.333,0.334,4.49,4.18,0.92,-41.69,1371504.0,756608.0,9219621.0,12.65,18841333.0,25.84,-9621712.0,-13.2,-7133848.0,-9.78,-2085771.0,-2.86,-11471.0,0.347,0.348,5093415168.0,1772508478,1772508478,2026-07-20,2026-07-20 16:11:35+08:00
517380,创新药ETF天弘,0.799,0.7973,-0.21,0.032,4.17,876400.0,69331223.0,0.761,0.803,0.761,0.767,5.48,3.27,0.8,-42.88,494537.0,381863.0,11135.0,0.02,-698372.0,-1.01,709507.0,1.02,2948100.0,4.25,-2959234.0,-4.27,-14813.0,0.798,0.799,2676326304.0,2138384717,2138384717,2026-07-20,2026-07-20 16:11:36+08:00
159189,石油ETF华夏,0.825,0.8224,-0.32,0.033,4.17,160067.0,13099040.565,0.8,0.826,0.8,0.792,3.28,13.0,1.0,-46.64,92987.0,67080.0,-469074.0,-3.58,2294900.0,17.52,-2763974.0,-21.1,30172.0,0.23,438902.0,3.35,1608.0,0.824,0.825,123083187.0,101543629,101543629,2026-07-20,2026-07-20 15:34:48+08:00
159297,港股通创新药ETF南方,0.724,0.7221,-0.26,0.029,4.17,5227886.0,376356637.8,0.702,0.728,0.702,0.695,3.74,14.59,0.79,-27.05,2751937.0,2475949.0,13610147.0,3.62,20457781.0,5.44,-6847634.0,-1.82,-11626649.0,-3.09,-1983496.0,-0.53,-9255.0,0.724,0.725,3583418640.0,2594395095,2594395095,2026-07-20,2026-07-20 15:34:18+08:00
520880,港股通创新药ETF华宝,0.45,0.4506,0.13,0.018,4.17,18103773.0,809673876.0,0.438,0.452,0.437,0.432,3.47,35.07,0.94,-25.46,9732714.0,8371059.0,36201936.0,4.47,46719552.0,5.77,-10517616.0,-1.3,-29294060.0,-3.62,-6907872.0,-0.85,-44305.0,0.449,0.45,5161617920.0,2322728064,2322728064,2026-07-20,2026-07-20 16:11:37+08:00
560270,电力ETF工银,0.976,0.9763,0.03,0.039,4.16,257139.0,24626413.0,0.934,0.976,0.929,0.937,5.02,13.79,1.5,-12.87,154662.0,102477.0,2807005.0,11.4,-1686576.0,-6.85,4493581.0,18.25,-1981780.0,-8.05,-825225.0,-3.35,-7231.0,0.975,0.976,186439000.0,181964464,181964464,2026-07-20,2026-07-20 16:11:44+08:00
520630,港股通互联网ETF广发,0.705,0.701,-0.57,0.028,4.14,1128990.0,79075965.0,0.691,0.705,0.691,0.677,2.07,22.24,1.06,-32.23,629769.0,499221.0,-5989940.0,-7.57,5628217.0,7.12,-11618157.0,-14.69,6082576.0,7.69,-92636.0,-0.12,-5177.0,0.704,0.705,507610000.0,357865050,357865050,2026-07-20,2026-07-20 16:11:53+08:00
560250,红利质量ETF富国,0.957,0.9537,-0.35,0.038,4.13,76940.0,7286509.0,0.928,0.967,0.923,0.919,4.79,2.79,1.41,-6.79,52857.0,24083.0,1015610.0,13.94,847233.0,11.63,168377.0,2.31,-763142.0,-10.47,-252467.0,-3.46,-2142.0,0.956,0.957,275833008.0,263972189,263972189,2026-07-20,2026-07-20 16:11:40+08:00
159017,石油ETF工银,0.858,0.8546,-0.4,0.034,4.13,77653.0,6618051.1,0.83,0.86,0.83,0.824,3.64,4.88,1.12,31.72,41090.0,36563.0,169534.0,2.56,1162049.0,17.56,-992515.0,-15.0,-112625.0,-1.7,-56910.0,-0.86,-10.0,0.858,0.86,159256813.0,136642346,136642346,2026-07-20,2026-07-20 15:34:33+08:00
159336,央企红利ETF融通,1.159,1.1511,-0.69,0.046,4.13,93577.0,10695997.826,1.12,1.159,1.12,1.113,3.5,2.06,1.61,85.68,37908.0,55669.0,-1825648.0,-17.07,-648351.0,-6.06,-1177297.0,-11.01,1626918.0,15.21,198730.0,1.86,-50.0,1.159,1.16,454905088.0,527234997,527234997,2026-07-20,2026-07-20 15:34:51+08:00
560580,电力ETF南方,1.139,1.1324,-0.58,0.045,4.11,486822.0,54190761.0,1.094,1.141,1.08,1.094,5.58,11.09,3.41,58.95,255744.0,231078.0,-9709605.0,-17.92,-5787773.0,-10.68,-3921832.0,-7.24,4767129.0,8.8,4942475.0,9.12,-9318.0,1.139,1.14,439003008.0,500024426,500024426,2026-07-20,2026-07-20 16:11:37+08:00
159132,恒生生物科技ETF富国,0.888,0.8863,-0.19,0.035,4.1,763588.0,67513146.6,0.863,0.896,0.863,0.853,3.87,52.67,0.77,-30.49,391444.0,372144.0,633299.0,0.94,-8121543.0,-12.03,8754842.0,12.97,-646452.0,-0.96,13153.0,0.02,-462.0,0.888,0.889,144963558.0,128727640,128727640,2026-07-20,2026-07-20 15:34:30+08:00
159316,港股通创新药ETF易方达,1.145,1.1423,-0.24,0.045,4.09,14629969.0,1664692028.25,1.115,1.151,1.113,1.1,3.45,27.55,0.93,-30.13,7505619.0,7124350.0,-27542512.0,-1.65,-41301168.0,-2.48,13758656.0,0.83,43974560.0,2.64,-16432047.0,-0.99,-20995.0,1.145,1.146,5310336256.0,6080335013,6080335013,2026-07-20,2026-07-20 15:34:39+08:00
520970,港股通创新药ETF嘉实,0.815,0.8159,0.11,0.032,4.09,2031454.0,165093724.0,0.795,0.822,0.791,0.783,3.96,15.67,0.95,-57.63,1087065.0,944389.0,9515886.0,5.76,-3864773.0,-2.34,13380659.0,8.1,-8234548.0,-4.99,-1281338.0,-0.78,-1483.0,0.815,0.816,1296358000.0,1056531770,1056531770,2026-07-20,2026-07-20 16:11:54+08:00
513120,港股创新药ETF广发,1.174,1.1757,0.14,0.046,4.08,80282943.0,9366189541.0,1.145,1.181,1.138,1.128,3.81,34.58,0.81,11.64,42493170.0,37789773.0,225115104.0,2.4,179189760.0,1.91,45925344.0,0.49,-142216304.0,-1.52,-82898832.0,-0.89,-410125.0,1.173,1.174,23215635456.0,27255156025,27255156025,2026-07-20,2026-07-20 16:11:38+08:00
159197,石油ETF招商,0.841,0.8385,-0.3,0.033,4.08,149530.0,12489760.348,0.824,0.843,0.82,0.808,2.85,32.94,1.16,63.13,77116.0,72414.0,109510.0,0.88,1197665.0,9.59,-1088155.0,-8.71,-187650.0,-1.5,78139.0,0.63,-3207.0,0.841,0.842,45388290.0,38171552,38171552,2026-07-20,2026-07-20 15:34:54+08:00
159615,恒生生物科技ETF南方,1.045,1.0408,-0.4,0.041,4.08,1848488.0,191625870.9,1.016,1.048,1.012,1.004,3.59,37.57,0.79,-18.72,937032.0,911456.0,7837500.0,4.09,-14124541.0,-7.37,21962041.0,11.46,-5615486.0,-2.93,-2222016.0,-1.16,2370.0,1.043,1.045,492054896.0,514197366,514197366,2026-07-20,2026-07-20 15:34:30+08:00
516080,创新药ETF易方达,0.694,0.6915,-0.36,0.027,4.05,5552348.0,379123738.0,0.66,0.697,0.656,0.667,6.15,11.31,0.93,7.85,3010970.0,2541379.0,16177597.0,4.27,-4103709.0,-1.08,20281306.0,5.35,-13872944.0,-3.66,-2304652.0,-0.61,-49565.0,0.693,0.694,4907554816.0,3405843042,3405843042,2026-07-20,2026-07-20 16:12:00+08:00
159739,云计算ETF鹏华,1.597,1.5932,-0.24,0.062,4.04,299520.0,47544762.4,1.547,1.623,1.547,1.535,4.95,12.17,1.03,88.78,155934.0,143586.0,12123.0,0.03,-184564.0,-0.39,196687.0,0.41,632570.0,1.33,-644694.0,-1.36,-1288.0,1.597,1.598,246180615.0,393150442,393150442,2026-07-20,2026-07-20 15:34:06+08:00
159719,国企ETF平安,1.601,1.5943,-0.42,0.062,4.03,31238.0,4922310.2,1.531,1.601,1.531,1.539,4.55,11.92,0.91,26.83,14198.0,17040.0,381609.0,7.75,1560000.0,31.69,-1178391.0,-23.94,-275888.0,-5.6,-105721.0,-2.15,-14.0,1.601,1.603,26195986.0,41939774,41939774,2026-07-20,2026-07-20 15:34:30+08:00
159202,恒生互联网ETF万家,0.854,0.8505,-0.41,0.033,4.02,2834336.0,240613198.992,0.837,0.856,0.836,0.821,2.44,24.79,0.97,-44.24,1529577.0,1304759.0,6065189.0,2.52,4279633.0,1.78,1785556.0,0.74,-4022683.0,-1.67,-2042507.0,-0.85,9526.0,0.853,0.854,1143401904.0,976465226,976465226,2026-07-20,2026-07-20 15:34:30+08:00
517090,央企共赢ETF国泰,1.583,1.5745,-0.54,0.061,4.01,62269.0,9688856.0,1.545,1.585,1.526,1.522,3.88,10.72,1.27,-32.41,35692.0,26577.0,-780108.0,-8.05,-60063.0,-0.62,-720045.0,-7.43,274223.0,2.83,505886.0,5.22,-1162.0,1.582,1.583,58075000.0,91932725,91932725,2026-07-20,2026-07-20 16:11:40+08:00
159570,港股通创新药ETF汇添富,1.428,1.429,0.07,0.055,4.01,24521205.0,3483928339.118,1.395,1.438,1.385,1.373,3.86,14.55,0.72,-33.4,13088164.0,11433042.0,139700480.0,4.01,89133024.0,2.56,50567456.0,1.45,-89526336.0,-2.57,-50174132.0,-1.44,-119350.0,1.428,1.429,16852597248.0,24065508870,24065508870,2026-07-20,2026-07-20 15:34:09+08:00
563150,油气ETF银华,1.226,1.2228,-0.26,0.047,3.99,32759.0,3980980.0,1.187,1.228,1.187,1.179,3.48,8.31,0.6,8.67,18264.0,14495.0,624078.0,15.68,30516.0,0.77,593562.0,14.91,-521479.0,-13.1,-102600.0,-2.58,-80.0,1.223,1.226,39399000.0,48303174,48303174,2026-07-20,2026-07-20 16:11:51+08:00
159067,绿色电力ETF鹏华,1.045,1.0488,0.36,0.04,3.98,292596.0,29915352.872,1.01,1.045,1.0,1.005,4.48,25.91,0.84,54.49,182353.0,110243.0,167273.0,0.56,-4604289.0,-15.39,4771562.0,15.95,-30242.0,-0.1,-137031.0,-0.46,1446.0,1.044,1.045,112908737.0,117989630,117989630,2026-07-20,2026-07-20 15:34:00+08:00
159199,石油ETF平安,0.836,0.8366,0.07,0.032,3.98,14047.0,1166354.28,0.806,0.84,0.804,0.804,4.48,1.92,1.18,-51.52,9461.0,4586.0,52443.0,4.5,0.0,0.0,52443.0,4.5,16490.0,1.41,-68932.0,-5.91,-360.0,0.836,0.838,73154938.0,61157528,61157528,2026-07-20,2026-07-20 15:34:57+08:00
159568,港股互联网ETF博时,1.204,1.1984,-0.47,0.046,3.97,1874558.0,224767096.2,1.18,1.207,1.178,1.158,2.5,53.43,1.08,-73.39,973700.0,900858.0,260558.0,0.12,1596874.0,0.71,-1336316.0,-0.59,2244590.0,1.0,-2505148.0,-1.11,5128.0,1.203,1.204,350857904.0,422432916,422432916,2026-07-20,2026-07-20 15:34:09+08:00
159201,自由现金流ETF华夏,1.154,1.1474,-0.58,0.044,3.96,5956159.0,678875963.71,1.112,1.155,1.112,1.11,3.87,4.25,1.28,-45.65,3972895.0,1983264.0,-18568143.0,-2.74,-179936485.0,-26.51,161368342.0,23.77,36758647.0,5.41,-18190512.0,-2.68,31744.0,1.153,1.154,14004275968.0,16160934467,16160934467,2026-07-20,2026-07-20 15:34:15+08:00
513280,恒生生物科技ETF汇添富,1.027,1.0267,-0.03,0.039,3.95,1454457.0,148794454.0,0.997,1.035,0.995,0.988,4.05,37.19,0.82,-40.79,714345.0,740112.0,6689909.0,4.5,-5338731.0,-3.59,12028640.0,8.08,-4090994.0,-2.75,-2598916.0,-1.75,-704.0,1.025,1.027,391114496.0,401674587,401674587,2026-07-20,2026-07-20 16:11:54+08:00
563990,800现金流ETF富国,1.212,1.2133,0.11,0.046,3.95,39857.0,4752795.0,1.164,1.212,1.164,1.166,4.12,0.99,0.53,16.38,22610.0,17247.0,823498.0,17.33,443114.0,9.32,380384.0,8.0,-727623.0,-15.31,-95875.0,-2.02,-159.0,1.211,1.212,401573008.0,486706486,486706486,2026-07-20,2026-07-20 16:11:37+08:00
159729,互联网ETF汇添富,0.713,0.7147,0.24,0.027,3.94,11928.0,844221.018,0.686,0.713,0.686,0.686,3.94,1.79,0.89,73.58,6577.0,5351.0,192321.0,22.78,0.0,0.0,192321.0,22.78,-214657.0,-25.43,22337.0,2.65,-70.0,0.713,0.714,66760633.0,47600331,47600331,2026-07-20,2026-07-20 15:34:27+08:00
159286,港股通创新药ETF鹏华,0.739,0.7389,-0.01,0.028,3.94,2365883.0,173805519.3,0.715,0.744,0.715,0.711,4.08,27.97,0.75,-31.13,1240756.0,1125127.0,12656805.0,7.28,-472282.0,-0.27,13129087.0,7.55,-10319874.0,-5.94,-2336930.0,-1.34,6880.0,0.738,0.739,845785408.0,625035417,625035417,2026-07-20,2026-07-20 15:34:30+08:00
159142,科创创业人工智能ETF景顺,1.27,1.251,-1.52,0.048,3.93,1137351.0,142329122.332,1.253,1.286,1.205,1.222,6.63,11.18,1.31,11.86,493986.0,643365.0,-4644049.0,-3.26,-4919461.0,-3.46,275412.0,0.19,3377144.0,2.37,1266904.0,0.89,-6223.0,1.27,1.271,1017260144.0,1291920383,1291920383,2026-07-20,2026-07-20 15:34:36+08:00
159223,现金流ETF永赢,1.112,1.1083,-0.33,0.042,3.93,111614.0,12273446.1,1.08,1.114,1.079,1.07,3.27,5.88,1.3,62.5,79104.0,32510.0,-2365361.0,-19.27,0.0,0.0,-2365361.0,-19.27,-532732.0,-4.34,2898094.0,23.61,-1.0,1.112,1.114,189844755.0,211107368,211107368,2026-07-20,2026-07-20 15:34:42+08:00
520660,港股通央企红利ETF南方,0.982,0.9759,-0.63,0.037,3.92,663429.0,64533986.0,0.952,0.982,0.952,0.945,3.17,2.68,0.65,-43.78,379887.0,283542.0,2297291.0,3.56,3954413.0,6.13,-1657122.0,-2.57,-1446058.0,-2.24,-851235.0,-1.32,-2028.0,0.981,0.982,2472485504.0,2427980765,2427980765,2026-07-20,2026-07-20 16:11:34+08:00
561260,能源ETF工银,1.246,1.2479,0.15,0.047,3.92,40038.0,4989357.0,1.218,1.314,1.208,1.199,8.84,15.58,0.99,-17.0,10435.0,29603.0,-204465.0,-4.1,0.0,0.0,-204465.0,-4.1,113880.0,2.28,90585.0,1.82,100.0,1.248,1.249,25695200.0,32016219,32016219,2026-07-20,2026-07-20 16:11:49+08:00
516460,现金流ETF800鹏华,1.195,1.1971,0.18,0.045,3.91,71301.0,8393559.0,1.155,1.195,1.155,1.15,3.48,1.77,0.76,11.8,27176.0,44125.0,1116997.0,13.31,604017.0,7.2,512980.0,6.11,-61027.0,-0.73,-1055969.0,-12.58,-2074.0,1.193,1.195,403693008.0,482413145,482413145,2026-07-20,2026-07-20 16:11:56+08:00
589720,科创创新药ETF国泰,0.932,0.9326,0.06,0.035,3.9,12956563.0,1189702009.0,0.89,0.943,0.887,0.897,6.24,28.66,0.87,1.53,6039430.0,6917133.0,77011232.0,6.47,111387760.0,9.36,-34376528.0,-2.89,-48825961.0,-4.1,-28185271.0,-2.37,-45785.0,0.932,0.933,4520823040.0,4213407073,4213407073,2026-07-20,2026-07-20 16:11:57+08:00
159527,云计算ETF广发,2.134,2.1301,-0.18,0.08,3.89,156583.0,33332551.804,2.107,2.179,2.072,2.054,5.21,9.43,1.03,90.75,73519.0,83064.0,-3003185.0,-9.01,-23811.0,-0.07,-2979374.0,-8.94,1326301.0,3.98,1676886.0,5.03,-780.0,2.134,2.139,166100450.0,354458360,354458360,2026-07-20,2026-07-20 15:34:30+08:00
563680,800现金流ETF汇添富,1.175,1.1744,-0.05,0.044,3.89,30140.0,3490110.0,1.145,1.18,1.141,1.131,3.45,2.72,0.88,0.07,15476.0,14664.0,-676955.0,-19.4,-320675.0,-9.19,-356280.0,-10.21,489181.0,14.02,187774.0,5.38,-30.0,1.175,1.176,110959000.0,130376825,130376825,2026-07-20,2026-07-20 16:11:46+08:00
159105,恒生生物科技ETF易方达,0.858,0.8569,-0.13,0.032,3.87,2977940.0,254465899.6,0.838,0.864,0.833,0.826,3.75,133.38,0.95,5.14,1521682.0,1456258.0,3441524.0,1.35,-8199128.0,-3.22,11640652.0,4.57,-2770724.0,-1.09,-670798.0,-0.26,-1181.0,0.858,0.859,223272984.0,191568220,191568220,2026-07-20,2026-07-20 15:34:15+08:00
159059,电力ETF大成,1.049,1.0561,0.67,0.039,3.86,1217430.0,124876489.664,1.008,1.05,1.004,1.01,4.55,54.63,,-78.8,638460.0,578970.0,14785205.0,11.84,14140554.0,11.32,644651.0,0.52,-14981343.0,-12.0,196137.0,0.16,-2000.0,1.049,1.05,222830063.0,233748736,233748736,2026-07-20,2026-07-20 15:34:57+08:00
159622,创新药ETF东财,1.104,1.1049,0.08,0.041,3.86,1881333.0,205770211.222,1.063,1.112,1.057,1.063,5.17,12.93,0.76,43.81,976787.0,904546.0,22302550.0,10.84,25135924.0,12.22,-2833374.0,-1.38,-11820531.0,-5.74,-10482018.0,-5.09,-12444.0,1.104,1.105,1454603232.0,1605881968,1605881968,2026-07-20,2026-07-20 15:34:21+08:00
159026,石油ETF南方,0.861,0.8598,-0.14,0.032,3.86,29276.0,2512011.106,0.87,0.87,0.848,0.829,2.65,5.8,0.38,36.71,16446.0,12830.0,-46778.0,-1.86,0.0,0.0,-46778.0,-1.86,-75.0,0.0,46853.0,1.87,-70.0,0.861,0.862,50513446.0,43492077,43492077,2026-07-20,2026-07-20 15:34:39+08:00
520930,恒生生物科技ETF国泰,0.89,0.8905,0.06,0.033,3.85,858578.0,76275039.0,0.866,0.899,0.865,0.857,3.97,59.73,0.73,-17.81,429893.0,428685.0,1185997.0,1.55,-863187.0,-1.13,2049184.0,2.69,-1508485.0,-1.98,322489.0,0.42,-2118.0,0.89,0.891,143733000.0,127922370,127922370,2026-07-20,2026-07-20 16:11:37+08:00
515120,创新药ETF广发,0.653,0.6521,-0.14,0.024,3.82,16946929.0,1091274529.0,0.623,0.657,0.622,0.629,5.56,9.05,0.76,-46.82,9045886.0,7901043.0,72997504.0,6.69,42169072.0,3.86,30828432.0,2.82,-53498460.0,-4.9,-19499032.0,-1.79,-136876.0,0.652,0.653,18716993536.0,12222196779,12222196779,2026-07-20,2026-07-20 16:11:48+08:00
515950,医药50ETF富国,0.951,0.9529,0.2,0.035,3.82,220213.0,20632003.0,0.908,0.952,0.905,0.916,5.13,3.74,0.85,-4.03,128496.0,91717.0,2400666.0,11.64,3801739.0,18.43,-1401073.0,-6.79,-880318.0,-4.27,-1520349.0,-7.37,-1208.0,0.95,0.951,588200608.0,559378778,559378778,2026-07-20,2026-07-20 16:11:54+08:00
517180,中国国企ETF南方,1.498,1.4954,-0.17,0.055,3.81,116890.0,17295150.0,1.45,1.5,1.45,1.443,3.47,11.63,2.08,9.63,59628.0,57262.0,-2992247.0,-17.3,-606417.0,-3.51,-2385830.0,-13.79,1493911.0,8.64,1498336.0,8.66,-1088.0,1.498,1.499,100496300.0,150543457,150543457,2026-07-20,2026-07-20 16:11:58+08:00
513040,港股通互联网ETF易方达,0.984,0.9797,-0.44,0.036,3.8,12718167.0,1250180671.0,0.97,0.99,0.966,0.948,2.53,19.21,1.11,-32.48,6928820.0,5789347.0,-8135792.0,-0.65,-34257984.0,-2.74,26122192.0,2.09,9621221.0,0.77,-1485415.0,-0.12,-49872.0,0.983,0.984,6620341248.0,6514415788,6514415788,2026-07-20,2026-07-20 16:12:01+08:00
159181,石油ETF易方达,0.82,0.8171,-0.35,0.03,3.8,193422.0,15758723.79,0.795,0.824,0.795,0.79,3.67,13.03,1.22,-22.27,107400.0,86022.0,-1562297.0,-9.91,-2155167.0,-13.68,592870.0,3.76,1019623.0,6.47,542673.0,3.44,2761.0,0.819,0.82,148405335.0,121692375,121692375,2026-07-20,2026-07-20 15:34:42+08:00
516630,云计算ETF华夏,1.642,1.6416,-0.02,0.06,3.79,448699.0,73549884.0,1.607,1.673,1.592,1.582,5.12,8.05,0.8,-34.83,234168.0,214531.0,482109.0,0.66,-565394.0,-0.77,1047503.0,1.42,719110.0,0.98,-1201218.0,-1.63,-2821.0,1.642,1.643,557156000.0,914850152,914850152,2026-07-20,2026-07-20 16:11:48+08:00
159225,现金流ETF银华,1.208,1.205,-0.25,0.044,3.78,23415.0,2801889.1,1.181,1.208,1.175,1.164,2.84,0.87,0.56,88.69,19619.0,3796.0,-1044548.0,-37.28,4189.0,0.15,-1048737.0,-37.43,-172614.0,-6.16,1217161.0,43.44,-2.0,1.208,1.209,267744804.0,323435723,323435723,2026-07-20,2026-07-20 15:34:45+08:00
159399,现金流ETF国泰,0.992,0.9899,-0.21,0.036,3.77,3291491.0,323345369.352,0.957,1.0,0.956,0.956,4.6,7.66,2.56,64.26,1549048.0,1742444.0,14929575.0,4.62,-56391751.0,-17.44,71321326.0,22.06,-7196145.0,-2.23,-7733430.0,-2.39,8136.0,0.991,0.992,4299194880.0,4264801321,4264801321,2026-07-20,2026-07-20 15:34:21+08:00
159625,绿色电力ETF嘉实,1.239,1.2374,-0.13,0.045,3.77,748135.0,90758477.1,1.188,1.24,1.186,1.194,4.52,3.42,1.3,-59.35,376351.0,371784.0,-338668.0,-0.37,7901399.0,8.71,-8240067.0,-9.08,2818631.0,3.11,-2479963.0,-2.73,-10611.0,1.239,1.24,2187713776.0,2710577368,2710577368,2026-07-20,2026-07-20 15:34:27+08:00
513810,港股国企ETF华夏,1.71,1.7031,-0.41,0.062,3.76,84524.0,14342653.0,1.651,1.71,1.651,1.648,3.58,20.13,0.64,6.11,47415.0,37109.0,1809898.0,12.62,0.0,0.0,1809898.0,12.62,-2940577.0,-20.5,1130679.0,7.88,-32.0,1.706,1.71,41992000.0,71806320,71806320,2026-07-20,2026-07-20 16:11:46+08:00
560680,消费ETF广发,0.745,0.7442,-0.11,0.027,3.76,391634.0,28808969.0,0.711,0.75,0.711,0.718,5.43,11.84,1.5,13.16,194427.0,197207.0,1790716.0,6.22,-2031159.0,-7.05,3821875.0,13.27,-2307578.0,-8.01,516862.0,1.79,-3073.0,0.744,0.745,330725600.0,246390572,246390572,2026-07-20,2026-07-20 16:11:39+08:00
159718,港股医药ETF平安,0.827,0.825,-0.24,0.03,3.76,1051832.0,86736008.3,0.813,0.834,0.801,0.797,4.14,47.63,0.94,-14.98,560276.0,491556.0,3628636.0,4.18,-230441.0,-0.27,3859077.0,4.45,-2983432.0,-3.44,-645204.0,-0.74,-431.0,0.827,0.828,220832634.0,182628588,182628588,2026-07-20,2026-07-20 15:34:57+08:00
512290,生物医药ETF国泰,1.02,1.0194,-0.06,0.037,3.76,3063121.0,308563146.0,0.979,1.021,0.975,0.983,4.68,8.27,1.19,-66.75,1434087.0,1629034.0,18769101.0,6.08,42323293.0,13.72,-23554192.0,-7.63,-8164237.0,-2.65,-10604863.0,-3.44,-3894.0,1.019,1.02,3705820704.0,3779937118,3779937118,2026-07-20,2026-07-20 16:11:37+08:00
561570,油气ETF华泰柏瑞,1.269,1.2682,-0.06,0.046,3.76,98285.0,12365816.0,1.237,1.271,1.237,1.223,2.78,12.11,0.55,-8.81,49423.0,48862.0,1433083.0,11.59,7892.0,0.06,1425191.0,11.53,-1656792.0,-13.4,223709.0,1.81,-133.0,1.269,1.271,81147000.0,102975543,102975543,2026-07-20,2026-07-20 16:11:57+08:00
159567,港股创新药ETF银华,0.69,0.6909,0.13,0.025,3.76,33035519.0,2268158916.778,0.671,0.695,0.671,0.665,3.61,29.94,0.85,-24.53,18303867.0,14731651.0,34868112.0,1.54,38680432.0,1.71,-3812320.0,-0.17,-40072167.0,-1.77,5204048.0,0.23,89870.0,0.689,0.69,11033729792.0,7613273556,7613273556,2026-07-20,2026-07-20 15:34:06+08:00
513720,港股互联网ETF国泰,0.694,0.6906,-0.49,0.025,3.74,506638.0,34988130.0,0.685,0.694,0.671,0.669,3.44,20.04,0.8,-4.3,266387.0,240251.0,1435767.0,4.1,-194833.0,-0.56,1630600.0,4.66,-822243.0,-2.35,-613525.0,-1.75,-1151.0,0.693,0.694,252859000.0,175484146,175484146,2026-07-20,2026-07-20 16:11:46+08:00
515170,食品饮料ETF华夏,0.472,0.4711,-0.19,0.017,3.74,3528777.0,164866576.0,0.456,0.472,0.455,0.455,3.74,3.9,1.37,15.31,1957006.0,1571771.0,15547753.0,9.43,23931525.0,14.52,-8383772.0,-5.09,-10458240.0,-6.34,-5089514.0,-3.09,-36601.0,0.471,0.472,9045257984.0,4269361768,4269361768,2026-07-20,2026-07-20 16:12:01+08:00
159688,恒生互联网ETF华安,0.804,0.8043,0.04,0.029,3.74,2600600.0,208179498.6,0.787,0.806,0.787,0.775,2.45,18.97,1.06,-12.53,1404909.0,1195691.0,8786907.0,4.22,-1458772.0,-0.7,10245679.0,4.92,-6699852.0,-3.22,-2087054.0,-1.0,-4745.0,0.804,0.805,1370778480.0,1102105898,1102105898,2026-07-20,2026-07-20 15:34:09+08:00
159792,港股通互联网ETF富国,0.612,0.6098,-0.36,0.022,3.73,68621259.0,4194266109.197,0.603,0.616,0.6,0.59,2.71,10.07,1.1,-6.41,35834336.0,32786923.0,-103690000.0,-2.47,-395682544.0,-9.43,291992544.0,6.96,113891438.0,2.72,-10201433.0,-0.24,-246639.0,0.612,0.613,68113855232.0,41685679402,41685679402,2026-07-20,2026-07-20 15:34:54+08:00
520760,恒生生物科技ETF摩根,0.893,0.8927,-0.03,0.032,3.72,1084156.0,96575550.0,0.868,0.9,0.868,0.861,3.72,56.33,0.96,9.1,546535.0,537621.0,849733.0,0.88,-2607200.0,-2.7,3456933.0,3.58,-492987.0,-0.51,-356746.0,-0.37,-23.0,0.893,0.894,192466000.0,171872138,171872138,2026-07-20,2026-07-20 16:11:47+08:00
530880,红利国企ETF银河,1.06,1.0632,0.3,0.038,3.72,60511.0,6383694.0,1.022,1.062,1.022,1.022,3.91,13.2,2.41,19.83,37339.0,23172.0,592170.0,9.28,-114042.0,-1.79,706212.0,11.06,-484218.0,-7.59,-107951.0,-1.69,-108.0,1.059,1.06,45836000.0,48586160,48586160,2026-07-20,2026-07-20 16:11:41+08:00
515710,食品饮料ETF华宝,0.503,0.504,0.2,0.018,3.71,759243.0,37899047.0,0.486,0.505,0.484,0.485,4.33,3.11,1.09,-31.37,429993.0,329250.0,7619588.0,20.1,10216675.0,26.96,-2597087.0,-6.85,-5262029.0,-13.88,-2357559.0,-6.22,-5782.0,0.502,0.503,2440099808.0,1227370203,1227370203,2026-07-20,2026-07-20 16:11:59+08:00
159195,石油ETF华安,0.84,0.8412,0.14,0.03,3.7,182366.0,15269042.67,0.818,0.846,0.818,0.81,3.46,20.15,1.16,0.61,85465.0,96901.0,760385.0,4.98,0.0,0.0,760385.0,4.98,-750424.0,-4.91,-9960.0,-0.07,-220.0,0.84,0.842,90490164.0,76011738,76011738,2026-07-20,2026-07-20 15:34:09+08:00
159890,云计算ETF招商,1.715,1.7195,0.26,0.061,3.69,239621.0,41050671.115,1.691,1.75,1.668,1.654,4.96,9.45,0.83,-52.03,110090.0,129531.0,1993703.0,4.86,1326717.0,3.23,666986.0,1.62,-1276454.0,-3.11,-717249.0,-1.75,1101.0,1.714,1.715,253590688.0,434908030,434908030,2026-07-20,2026-07-20 15:34:33+08:00
159119,800现金流ETF招商,0.957,0.9579,0.09,0.034,3.68,126919.0,11996446.11,0.925,0.958,0.923,0.923,3.79,7.78,1.44,57.6,68005.0,58914.0,213531.0,1.78,146443.0,1.22,67088.0,0.56,82279.0,0.69,-295809.0,-2.47,-340.0,0.957,0.958,163054229.0,156042897,156042897,2026-07-20,2026-07-20 15:34:39+08:00
513330,恒生互联网ETF华夏,0.395,0.3956,0.15,0.014,3.67,74193252.0,2919256607.0,0.388,0.397,0.387,0.381,2.62,10.42,0.93,-39.59,41794040.0,32399211.0,101426416.0,3.47,111788544.0,3.83,-10362128.0,-0.35,-77570590.0,-2.66,-23855833.0,-0.82,-584946.0,0.395,0.396,71173480448.0,28113524777,28113524777,2026-07-20,2026-07-20 16:11:52+08:00
159276,现金流ETF汇添富,1.073,1.0708,-0.21,0.038,3.67,59559.0,6335390.831,1.037,1.074,1.037,1.035,3.57,1.61,1.43,-69.59,44300.0,15259.0,-1633804.0,-25.79,-455099.0,-7.18,-1178705.0,-18.61,754555.0,11.91,879248.0,13.88,490.0,1.071,1.073,369696656.0,396684512,396684512,2026-07-20,2026-07-20 15:34:33+08:00
520790,港股通互联网ETF兴业,0.877,0.8714,-0.64,0.031,3.66,247261.0,21593063.0,0.861,0.88,0.858,0.846,2.6,5.86,0.68,-42.02,126729.0,120532.0,347639.0,1.61,436000.0,2.02,-88361.0,-0.41,-168036.0,-0.78,-179603.0,-0.83,-146.0,0.876,0.877,422075008.0,370159782,370159782,2026-07-20,2026-07-20 16:11:51+08:00
159209,红利质量ETF招商,1.104,1.103,-0.09,0.039,3.66,1363831.0,148989430.3,1.072,1.105,1.072,1.065,3.1,6.93,1.37,42.49,708839.0,654992.0,1262082.0,0.85,-12822288.0,-8.61,14084370.0,9.45,-1337456.0,-0.9,75376.0,0.05,-5927.0,1.104,1.105,1968635056.0,2173373102,2173373102,2026-07-20,2026-07-20 15:34:06+08:00
513560,香港科技ETF兴银,1.134,1.1321,-0.17,0.04,3.66,706744.0,80033049.0,1.116,1.142,1.116,1.094,2.38,12.93,0.97,-56.57,380612.0,326132.0,4257461.0,5.32,1379173.0,1.72,2878288.0,3.6,-2040642.0,-2.55,-2216819.0,-2.77,-970.0,1.133,1.134,546386000.0,619601724,619601724,2026-07-20,2026-07-20 16:11:37+08:00
159221,现金流ETF嘉实,1.135,1.1318,-0.28,0.04,3.65,306513.0,34405188.6,1.096,1.137,1.096,1.095,3.74,2.62,0.59,47.31,170678.0,135835.0,-2427455.0,-7.06,-2892628.0,-8.41,465173.0,1.35,-556039.0,-1.62,2983495.0,8.67,-155.0,1.135,1.136,1170013232.0,1327965018,1327965018,2026-07-20,2026-07-20 15:34:24+08:00
510020,超大盘ETF博时,3.914,3.9177,0.09,0.138,3.65,16585.0,6431072.0,3.776,4.001,3.776,3.776,5.96,4.63,1.93,11.68,9777.0,6808.0,-941886.0,-14.65,-662645.0,-10.3,-279241.0,-4.34,326897.0,5.08,614990.0,9.56,-426.0,3.903,3.914,35848000.0,140309072,140309072,2026-07-20,2026-07-20 16:11:33+08:00
513910,港股通央企红利ETF华夏,1.532,1.5257,-0.41,0.054,3.65,1561331.0,237047689.0,1.487,1.532,1.486,1.478,3.11,7.61,1.45,-49.38,860107.0,701224.0,3573229.0,1.51,9364047.0,3.95,-5790818.0,-2.44,-4318568.0,-1.82,745340.0,0.31,-674.0,1.532,1.533,2051276000.0,3142554832,3142554832,2026-07-20,2026-07-20 16:11:36+08:00
513050,中概互联网ETF易方达,1.137,1.1047,-2.92,0.04,3.65,31749090.0,3593270230.0,1.116,1.14,1.115,1.097,2.28,9.28,0.87,-47.79,16481823.0,15267266.0,4681504.0,0.13,100374624.0,2.79,-95693120.0,-2.66,67492448.0,1.88,-72173936.0,-2.01,-150029.0,1.137,1.138,34213432832.0,38900673130,38900673130,2026-07-20,2026-07-20 16:11:59+08:00
562080,300现金流ETF华宝,0.598,0.5989,0.15,0.021,3.64,426430.0,25238875.0,0.579,0.599,0.579,0.577,3.47,6.83,0.94,1.26,205545.0,220885.0,2581394.0,10.23,3148329.0,12.47,-566935.0,-2.25,-1325733.0,-5.25,-1255662.0,-4.98,-1375.0,0.597,0.598,624757200.0,373604806,373604806,2026-07-20,2026-07-20 16:11:34+08:00
159222,自由现金流ETF易方达,1.223,1.2208,-0.18,0.043,3.64,1795561.0,217851124.5,1.179,1.227,1.179,1.18,4.07,12.15,2.78,28.53,1039600.0,755961.0,3773107.0,1.73,-84670892.0,-38.87,88443999.0,40.6,-5202863.0,-2.39,1429754.0,0.66,-4742.0,1.223,1.224,1477370400.0,1806823999,1806823999,2026-07-20,2026-07-20 15:34:00+08:00
517050,互联网ETF华泰柏瑞,0.684,0.6822,-0.26,0.024,3.64,46700.0,3169938.0,0.665,0.684,0.662,0.66,3.33,1.34,0.83,-9.09,29574.0,17126.0,6958.0,0.22,395711.0,12.48,-388753.0,-12.26,152476.0,4.81,-159434.0,-5.03,-76.0,0.683,0.684,347605008.0,237761825,237761825,2026-07-20,2026-07-20 16:11:46+08:00
520990,港股央企红利ETF景顺,0.971,0.9709,-0.01,0.034,3.63,2947169.0,284691454.0,0.951,0.973,0.947,0.937,2.77,7.98,1.64,-1.0,1417039.0,1530129.0,33139320.0,11.64,27262065.0,9.58,5877255.0,2.06,-19078567.0,-6.7,-14060753.0,-4.94,-5886.0,0.971,0.972,3693470496.0,3586359852,3586359852,2026-07-20,2026-07-20 16:11:47+08:00
517110,创新药ETF国泰,0.742,0.7435,0.2,0.026,3.63,749808.0,55208564.0,0.72,0.748,0.713,0.716,4.89,4.9,0.69,-6.05,438349.0,311459.0,4524447.0,8.2,2068205.0,3.75,2456242.0,4.45,-3089965.0,-5.6,-1434481.0,-2.6,-10190.0,0.742,0.743,1531098496.0,1136075084,1136075084,2026-07-20,2026-07-20 16:11:58+08:00
159130,恒生生物科技ETF鹏华,0.858,0.8594,0.16,0.03,3.62,153735.0,13164084.992,0.837,0.865,0.837,0.828,3.38,6.76,0.42,-58.28,90139.0,63596.0,631701.0,4.8,-865312.0,-6.57,1497013.0,11.37,-408708.0,-3.1,-222993.0,-1.69,-2372.0,0.858,0.86,227389466.0,195100162,195100162,2026-07-20,2026-07-20 15:34:12+08:00
159843,食品饮料ETF招商,0.546,0.5461,0.02,0.019,3.61,258107.0,13981299.7,0.527,0.547,0.527,0.527,3.8,4.04,1.27,-71.61,157243.0,100864.0,3579843.0,25.6,3322409.0,23.76,257434.0,1.84,-2430865.0,-17.39,-1148978.0,-8.22,1547.0,0.545,0.546,638955136.0,348869504,348869504,2026-07-20,2026-07-20 15:34:21+08:00
159280,港股通互联网ETF汇添富,0.717,0.7138,-0.45,0.025,3.61,202980.0,14499526.5,0.696,0.719,0.696,0.692,3.32,20.77,0.67,-24.02,115229.0,87751.0,102943.0,0.71,47658.0,0.33,55285.0,0.38,84618.0,0.58,-187561.0,-1.29,66.0,0.714,0.717,97717171.0,70063212,70063212,2026-07-20,2026-07-20 15:34:09+08:00
561760,油气ETF博时,1.235,1.2396,0.37,0.043,3.61,28967.0,3562738.0,1.202,1.242,1.202,1.192,3.36,1.77,0.26,6.16,11338.0,17629.0,267360.0,7.5,0.0,0.0,267360.0,7.5,-216933.0,-6.09,-50426.0,-1.42,-34.0,1.235,1.237,163695000.0,202163325,202163325,2026-07-20,2026-07-20 16:11:38+08:00
159751,港股通科技ETF鹏华,0.891,0.8888,-0.25,0.031,3.6,1060031.0,94138918.4,0.876,0.896,0.871,0.86,2.91,11.08,1.22,-55.98,522711.0,537320.0,8085937.0,8.59,6945623.0,7.38,1140314.0,1.21,-6023765.0,-6.4,-2062171.0,-2.19,1596.0,0.89,0.891,956629632.0,852357002,852357002,2026-07-20,2026-07-20 15:34:18+08:00
159954,恒生中国企业ETF南方,0.92,0.9185,-0.16,0.032,3.6,82971.0,7600579.8,0.901,0.92,0.901,0.888,2.14,4.32,1.98,-0.96,53848.0,29123.0,158979.0,2.09,-1630019.0,-21.45,1788998.0,23.54,117244.0,1.54,-276223.0,-3.63,200.0,0.916,0.92,192105083.0,176736676,176736676,2026-07-20,2026-07-20 15:34:51+08:00
520980,港股通科技ETF汇添富,0.894,0.8899,-0.46,0.031,3.59,4737483.0,422382221.0,0.881,0.898,0.881,0.863,1.97,13.83,0.77,-31.51,2533364.0,2204119.0,18183673.0,4.31,13810896.0,3.27,4372777.0,1.04,-12422252.0,-2.94,-5761420.0,-1.36,-4535.0,0.894,0.895,3424387008.0,3061401985,3061401985,2026-07-20,2026-07-20 16:11:45+08:00
513770,港股互联网ETF华宝,0.375,0.3734,-0.43,0.013,3.59,26859999.0,1004958842.0,0.369,0.378,0.369,0.362,2.49,18.72,1.06,0.58,14749850.0,12110149.0,17340961.0,1.73,19562016.0,1.95,-2221055.0,-0.22,-12814521.0,-1.28,-4526433.0,-0.45,-295488.0,0.375,0.376,14346137856.0,5379801696,5379801696,2026-07-20,2026-07-20 16:11:39+08:00
159332,央企红利ETF富国,1.182,1.1782,-0.32,0.041,3.59,90246.0,10552972.0,1.145,1.182,1.141,1.141,3.59,10.49,2.47,80.97,57798.0,32448.0,-1428527.0,-13.54,-4129032.0,-39.13,2700505.0,25.59,1062643.0,10.07,365884.0,3.47,-185.0,1.182,1.183,86021477.0,101677386,101677386,2026-07-20,2026-07-20 15:34:45+08:00
512600,消费ETF嘉实,0.578,0.578,0.0,0.02,3.58,483222.0,27619071.0,0.557,0.582,0.557,0.558,4.48,2.97,1.23,26.76,209519.0,273703.0,-6279257.0,-22.74,-6169859.0,-22.34,-109398.0,-0.4,7063399.0,25.57,-784142.0,-2.84,-4023.0,0.577,0.578,1624556096.0,938993423,938993423,2026-07-20,2026-07-20 16:11:51+08:00
513930,恒生生物科技ETF华泰柏瑞,0.955,0.9558,0.08,0.033,3.58,1461712.0,139286759.0,0.93,0.964,0.93,0.922,3.69,155.65,0.72,-10.38,747334.0,714378.0,510173.0,0.37,-2766908.0,-1.99,3277081.0,2.35,162951.0,0.12,-673125.0,-0.48,-92.0,0.955,0.957,93908000.0,89682140,89682140,2026-07-20,2026-07-20 16:12:02+08:00
159519,港股国企ETF国泰,1.735,1.7341,-0.05,0.06,3.58,317514.0,54731670.16,1.69,1.735,1.69,1.675,2.69,54.6,0.99,40.05,167062.0,150452.0,-198529.0,-0.36,0.0,0.0,-198529.0,-0.36,-821282.0,-1.5,1019811.0,1.86,-398.0,1.735,1.736,58157854.0,100903877,100903877,2026-07-20,2026-07-20 15:34:42+08:00
159672,消费ETF博时,0.637,0.6339,-0.49,0.022,3.58,154700.0,9754727.9,0.616,0.637,0.613,0.615,3.9,11.64,1.52,43.82,73532.0,81168.0,754546.0,7.74,346163.0,3.55,408383.0,4.19,-577706.0,-5.92,-176840.0,-1.81,72.0,0.635,0.637,132887409.0,84649280,84649280,2026-07-20,2026-07-20 15:34:39+08:00
159858,创新药ETF南方,0.697,0.6969,-0.01,0.024,3.57,935878.0,64226035.5,0.665,0.703,0.661,0.673,6.24,9.51,0.92,-17.65,427562.0,508316.0,1670963.0,2.6,5085356.0,7.92,-3414393.0,-5.32,-1540631.0,-2.4,-130332.0,-0.2,15196.0,0.696,0.697,984098320.0,685916529,685916529,2026-07-20,2026-07-20 15:34:45+08:00
159557,恒生医疗ETF嘉实,1.362,1.3631,0.08,0.047,3.57,1569523.0,212830782.0,1.328,1.37,1.328,1.315,3.19,108.32,0.98,-15.95,795375.0,774148.0,-2668360.0,-1.25,-62415.0,-0.03,-2605945.0,-1.22,3064637.0,1.44,-396276.0,-0.19,2093.0,1.361,1.362,144894955.0,197346929,197346929,2026-07-20,2026-07-20 15:34:06+08:00
588700,科创医药ETF嘉实,1.016,1.0173,0.13,0.035,3.57,932221.0,93052585.0,0.977,1.019,0.971,0.981,4.89,19.21,1.09,-6.9,398934.0,533287.0,42871.0,0.05,-13234065.0,-14.22,13276936.0,14.27,1023061.0,1.1,-1065930.0,-1.15,-5988.0,1.016,1.017,485336208.0,493101587,493101587,2026-07-20,2026-07-20 16:11:42+08:00
513980,港股科技ETF景顺,0.609,0.61,0.16,0.021,3.57,10682471.0,648419350.0,0.601,0.614,0.601,0.588,2.21,5.04,1.26,-47.48,4581024.0,6101447.0,62049876.0,9.57,84427072.0,13.02,-22377196.0,-3.45,-59491589.0,-9.17,-2558291.0,-0.39,-9035.0,0.608,0.609,21215204096.0,12920059294,12920059294,2026-07-20,2026-07-20 16:11:32+08:00
159862,食品饮料ETF银华,0.551,0.5515,0.09,0.019,3.57,147799.0,8070098.6,0.532,0.552,0.532,0.532,3.76,4.46,1.66,-90.79,100902.0,46897.0,978729.0,12.13,1812938.0,22.46,-834209.0,-10.34,-710033.0,-8.8,-268697.0,-3.33,2201.0,0.55,0.551,331500624.0,182656844,182656844,2026-07-20,2026-07-20 15:34:12+08:00
159102,港股通生物科技ETF华安,0.756,0.7577,0.22,0.026,3.56,1101283.0,83082785.081,0.738,0.763,0.738,0.73,3.42,15.03,0.7,-52.56,585799.0,515484.0,3099095.0,3.73,-2293728.0,-2.76,5392823.0,6.49,-2375365.0,-2.86,-723730.0,-0.87,-273.0,0.756,0.758,732622000.0,553862232,553862232,2026-07-20,2026-07-20 15:34:00+08:00
516700,大数据ETF华宝,0.902,0.9015,-0.06,0.031,3.56,433229.0,39289596.0,0.9,0.926,0.878,0.871,5.51,21.38,1.1,28.75,180032.0,253197.0,-164099.0,-0.42,609334.0,1.55,-773433.0,-1.97,157120.0,0.4,6979.0,0.02,-4435.0,0.902,0.903,202622000.0,182765044,182765044,2026-07-20,2026-07-20 16:11:49+08:00
520900,港股通红利ETF广发,0.993,0.9907,-0.23,0.034,3.55,2417976.0,238242329.0,0.968,0.993,0.967,0.959,2.71,14.26,2.95,54.17,1071816.0,1346160.0,87233891.0,36.62,65254489.0,27.39,21979402.0,9.23,-66348286.0,-27.85,-20885606.0,-8.77,-21521.0,0.993,0.994,1696175008.0,1684301783,1684301783,2026-07-20,2026-07-20 16:11:34+08:00
159589,红利ETF广发,1.078,1.072,-0.56,0.037,3.55,140122.0,14899478.8,1.044,1.078,1.041,1.041,3.55,5.59,1.21,82.93,85803.0,54319.0,1286734.0,8.64,194925.0,1.31,1091809.0,7.33,-841206.0,-5.65,-445528.0,-2.99,-2040.0,1.078,1.079,250590005.0,270136025,270136025,2026-07-20,2026-07-20 15:34:15+08:00
159303,恒生医疗ETF大成,1.489,1.4896,0.04,0.051,3.55,1266740.0,187973992.1,1.457,1.502,1.453,1.438,3.41,143.96,0.79,-48.48,642521.0,624219.0,1977118.0,1.05,-1992983.0,-1.06,3970101.0,2.11,-5043439.0,-2.68,3066320.0,1.63,-1243.0,1.489,1.49,87991693.0,131019631,131019631,2026-07-20,2026-07-20 15:34:33+08:00
159040,港股通互联网ETF鹏华,1.142,1.1441,0.18,0.039,3.54,202584.0,23058386.466,1.124,1.146,1.121,1.103,2.27,31.42,1.24,-82.16,94066.0,108519.0,1510181.0,6.55,3669679.0,15.91,-2159498.0,-9.37,-1412628.0,-6.13,-97552.0,-0.42,-622.0,1.142,1.143,64481087.0,73637401,73637401,2026-07-20,2026-07-20 15:34:48+08:00
513190,港股通金融ETF华夏,1.758,1.7477,-0.59,0.06,3.53,2593434.0,451192903.0,1.707,1.758,1.7,1.698,3.42,27.07,1.03,54.34,1295043.0,1298391.0,1247490.0,0.28,-1112640.0,-0.25,2360130.0,0.52,-156672.0,-0.03,-1090818.0,-0.24,-1812.0,1.756,1.758,957936000.0,1684051488,1684051488,2026-07-20,2026-07-20 16:11:38+08:00
159273,云计算ETF汇添富,1.439,1.4401,0.08,0.049,3.53,363858.0,52407318.6,1.422,1.461,1.405,1.39,4.03,5.28,1.06,53.01,160512.0,203346.0,4814012.0,9.19,9789021.0,18.68,-4975009.0,-9.49,-4058131.0,-7.74,-755880.0,-1.44,-736.0,1.439,1.44,689777504.0,992589828,992589828,2026-07-20,2026-07-20 15:34:24+08:00
513700,港股通医药ETF鹏华,0.587,0.5881,0.19,0.02,3.53,3319996.0,194275462.0,0.573,0.593,0.573,0.567,3.53,39.3,0.95,-15.68,1677334.0,1642662.0,6973298.0,3.59,21601037.0,11.12,-14627739.0,-7.53,-4853423.0,-2.5,-2119874.0,-1.09,-3498.0,0.586,0.587,844846000.0,495924602,495924602,2026-07-20,2026-07-20 16:11:35+08:00
159928,消费ETF汇添富,0.676,0.6754,-0.09,0.023,3.52,8243175.0,551310977.904,0.655,0.676,0.651,0.653,3.83,3.54,1.23,-64.76,4857219.0,3385955.0,21846136.0,3.96,18293594.0,3.32,3552542.0,0.64,-6911813.0,-1.25,-14934323.0,-2.71,59996.0,0.675,0.676,23292628992.0,15745817199,15745817199,2026-07-20,2026-07-20 15:34:54+08:00
516900,食品饮料ETF华安,0.5,0.5005,0.1,0.017,3.52,219159.0,10872618.0,0.48,0.501,0.48,0.483,4.35,6.12,1.58,-0.8,156764.0,62395.0,1134754.0,10.44,1264397.0,11.63,-129643.0,-1.19,-737209.0,-6.78,-397546.0,-3.66,-2283.0,0.499,0.5,358229008.0,179114504,179114504,2026-07-20,2026-07-20 16:11:48+08:00
516000,大数据ETF华夏,0.943,0.9439,0.1,0.032,3.51,813855.0,76642801.0,0.929,0.966,0.917,0.911,5.38,16.18,1.01,8.73,420541.0,393314.0,-473698.0,-0.62,1173195.0,1.53,-1646893.0,-2.15,-1404030.0,-1.83,1877729.0,2.45,-8283.0,0.942,0.943,502855008.0,474192273,474192273,2026-07-20,2026-07-20 16:12:01+08:00
516510,云计算ETF易方达,1.684,1.6826,-0.08,0.057,3.5,1502729.0,251793992.0,1.656,1.714,1.631,1.627,5.1,9.31,0.87,43.5,769120.0,733609.0,-1862526.0,-0.74,-1517805.0,-0.6,-344721.0,-0.14,6664061.0,2.65,-4801536.0,-1.91,-13156.0,1.683,1.684,1613890000.0,2717790760,2717790760,2026-07-20,2026-07-20 16:11:37+08:00
513320,港股通新经济ETF易方达,1.094,1.0927,-0.12,0.037,3.5,149486.0,16338662.0,1.083,1.101,1.076,1.057,2.37,13.47,0.6,2.46,82623.0,66863.0,529949.0,3.24,0.0,0.0,529949.0,3.24,-41777.0,-0.26,-488173.0,-2.99,-246.0,1.093,1.094,111010600.0,121445596,121445596,2026-07-20,2026-07-20 16:11:49+08:00
159269,港股通科技ETF南方,0.86,0.8574,-0.3,0.029,3.49,1299724.0,111581538.4,0.848,0.865,0.848,0.831,2.05,6.2,0.91,1.5,683389.0,616335.0,4102382.0,3.68,2592699.0,2.32,1509683.0,1.35,-3374060.0,-3.02,-728322.0,-0.65,-716.0,0.86,0.861,2096311712.0,1802828072,1802828072,2026-07-20,2026-07-20 15:34:42+08:00
588410,科创创业人工智能ETF鹏华,1.254,1.2461,-0.63,0.042,3.47,58660.0,7300332.0,1.257,1.282,1.201,1.212,6.68,5.47,1.09,-14.4,23109.0,35551.0,460433.0,6.31,187048.0,2.56,273385.0,3.74,-521558.0,-7.14,61123.0,0.84,-387.0,1.252,1.254,107250000.0,134491500,134491500,2026-07-20,2026-07-20 16:12:01+08:00
159899,软件ETF招商,0.686,0.6833,-0.4,0.023,3.47,333197.0,22550897.8,0.673,0.686,0.666,0.663,3.02,4.01,1.07,43.0,216158.0,117039.0,-1489118.0,-6.6,1107036.0,4.91,-2596154.0,-11.51,1937450.0,8.59,-448332.0,-1.99,-5567.0,0.686,0.687,829977728.0,569364721,569364721,2026-07-20,2026-07-20 15:34:00+08:00
159776,港股医药ETF银华,1.103,1.1021,-0.08,0.037,3.47,828503.0,91236219.4,1.075,1.112,1.074,1.066,3.56,98.67,1.0,37.24,422929.0,405574.0,-2813798.0,-3.08,0.0,0.0,-2813798.0,-3.08,-804819.0,-0.88,3618617.0,3.97,-7.0,1.103,1.104,83968765.0,92617548,92617548,2026-07-20,2026-07-20 15:34:27+08:00
159856,互联网龙头ETF工银,0.597,0.5998,0.47,0.02,3.47,72187.0,4287116.058,0.581,0.599,0.581,0.577,3.12,2.04,1.01,-66.62,45975.0,26212.0,53524.0,1.25,-939366.0,-21.91,992890.0,23.16,-110560.0,-2.58,57036.0,1.33,102.0,0.596,0.597,354372480.0,211560371,211560371,2026-07-20,2026-07-20 15:34:39+08:00
510630,消费ETF华夏,0.807,0.8044,-0.32,0.027,3.46,526331.0,41938722.0,0.774,0.808,0.774,0.78,4.36,9.31,0.8,-0.8,276102.0,250229.0,1951219.0,4.65,-187157.0,-0.45,2138376.0,5.1,-617193.0,-1.47,-1334026.0,-3.18,-3991.0,0.805,0.807,565361504.0,456246734,456246734,2026-07-20,2026-07-20 16:11:47+08:00
513200,港股通医药ETF易方达,0.987,0.9858,-0.12,0.033,3.46,3885348.0,382412609.0,0.964,0.995,0.963,0.954,3.35,41.95,0.93,2.12,1979867.0,1905481.0,16063470.0,4.2,-7268257.0,-1.9,23331727.0,6.1,-13683085.0,-3.58,-2380385.0,-0.62,-1204.0,0.986,0.987,926282096.0,914240429,914240429,2026-07-20,2026-07-20 16:11:42+08:00
159607,中概互联网ETF嘉实,0.838,0.8162,-2.67,0.028,3.46,2286622.0,190444153.0,0.822,0.838,0.821,0.81,2.1,19.17,0.8,-51.21,1202695.0,1083927.0,8854104.0,4.65,10241799.0,5.38,-1387695.0,-0.73,-4848929.0,-2.55,-4005175.0,-2.1,12623.0,0.837,0.838,1192829136.0,999590816,999590816,2026-07-20,2026-07-20 15:34:27+08:00
159170,港股通互联网ETF永赢,0.87,0.8683,-0.2,0.029,3.45,975469.0,84793301.445,0.848,0.876,0.848,0.841,3.33,24.84,0.88,-7.78,481570.0,493899.0,484056.0,0.57,-3356363.0,-3.96,3840419.0,4.53,-232392.0,-0.27,-251665.0,-0.3,882.0,0.869,0.87,392638352.0,341595366,341595366,2026-07-20,2026-07-20 15:34:18+08:00
517990,沪港深医药ETF招商,0.871,0.8763,0.6,0.029,3.44,18053.0,1564418.0,0.853,0.877,0.85,0.842,3.21,3.54,0.34,-0.07,6055.0,11998.0,401987.0,25.7,0.0,0.0,401987.0,25.7,-371309.0,-23.73,-30678.0,-1.96,299.0,0.873,0.875,50987900.0,44410461,44410461,2026-07-20,2026-07-20 16:11:50+08:00
159232,自由现金流ETF南方,1.173,1.1688,-0.36,0.039,3.44,1769141.0,204886187.08,1.139,1.173,1.136,1.134,3.26,8.19,1.11,83.22,1055287.0,713854.0,-20991840.0,-10.25,-31118582.0,-15.19,10126742.0,4.94,9453001.0,4.61,11538838.0,5.63,2863.0,1.172,1.173,2158948560.0,2532446661,2532446661,2026-07-20,2026-07-20 15:34:48+08:00
159281,港股央企红利ETF天弘,0.935,0.937,0.21,0.031,3.43,769161.0,71509217.098,0.91,0.937,0.91,0.904,2.99,30.49,1.26,-0.29,435653.0,333508.0,1985573.0,2.78,2408292.0,3.37,-422719.0,-0.59,-1588539.0,-2.22,-397035.0,-0.56,-32.0,0.935,0.936,252233059.0,235837910,235837910,2026-07-20,2026-07-20 15:34:45+08:00
159152,港股通科技ETF平安,0.784,0.7825,-0.19,0.026,3.43,660346.0,51671171.547,0.79,0.79,0.77,0.758,2.64,7.75,0.86,-36.94,365379.0,294967.0,1915651.0,3.71,-1730995.0,-3.35,3646646.0,7.06,-1343442.0,-2.6,-572208.0,-1.11,269.0,0.783,0.784,852556096.0,668403979,668403979,2026-07-20,2026-07-20 15:34:15+08:00
510030,价值ETF华宝,1.055,1.0549,-0.01,0.035,3.43,73310.0,7640214.0,1.018,1.058,1.018,1.02,3.92,4.66,1.03,7.23,33472.0,39837.0,263795.0,3.45,14.0,0.0,263781.0,3.45,-355081.0,-4.65,91286.0,1.19,-305.0,1.052,1.055,157229800.0,165877439,165877439,2026-07-20,2026-07-20 16:11:57+08:00
517200,互联网ETF嘉实,0.604,0.6022,-0.3,0.02,3.42,45962.0,2756877.0,0.582,0.605,0.575,0.584,5.14,3.24,0.88,0.49,26781.0,19181.0,-172065.0,-6.24,-297165.0,-10.78,125100.0,4.54,270342.0,9.81,-98275.0,-3.56,-50.0,0.602,0.604,141782000.0,85636328,85636328,2026-07-20,2026-07-20 16:11:36+08:00
159235,中证现金流ETF大成,1.21,1.2022,-0.65,0.04,3.42,1461180.0,174445710.7,1.182,1.21,1.172,1.17,3.25,7.07,2.57,-73.62,1172384.0,288796.0,1764589.0,1.01,-99045633.0,-56.78,100810222.0,57.79,-1230084.0,-0.71,-534506.0,-0.31,8154.0,1.209,1.21,2065729552.0,2499532758,2499532758,2026-07-20,2026-07-20 15:34:15+08:00
159892,恒生医药ETF华夏,0.725,0.726,0.14,0.024,3.42,15557012.0,1123649751.023,0.71,0.731,0.708,0.701,3.28,23.57,0.84,-28.06,8152464.0,7404548.0,38396368.0,3.42,18673680.0,1.66,19722688.0,1.76,-29199923.0,-2.6,-9196451.0,-0.82,19375.0,0.724,0.725,6600265984.0,4785192838,4785192838,2026-07-20,2026-07-20 15:34:24+08:00
561790,央企能源ETF博时,1.239,1.2455,0.52,0.041,3.42,25503.0,3161352.0,1.206,1.317,1.206,1.198,9.27,4.63,2.39,33.4,10582.0,14921.0,-1724722.0,-54.56,0.0,0.0,-1724722.0,-54.56,1209065.0,38.25,515658.0,16.31,-1611.0,1.235,1.239,55134000.0,68311026,68311026,2026-07-20,2026-07-20 16:11:41+08:00
513150,港股通科技ETF华泰柏瑞,0.967,0.9638,-0.33,0.032,3.42,1297776.0,125261685.0,0.954,0.972,0.945,0.935,2.89,122.94,0.75,-13.05,664521.0,633255.0,2226121.0,1.78,4234266.0,3.38,-2008145.0,-1.6,-1834576.0,-1.46,-391545.0,-0.31,-670.0,0.965,0.967,105559800.0,102076327,102076327,2026-07-20,2026-07-20 16:11:48+08:00
520860,港股通科技ETF富国,0.789,0.7896,0.08,0.026,3.41,769351.0,60853983.0,0.779,0.815,0.777,0.763,4.98,22.03,0.78,26.7,449351.0,320000.0,-799602.0,-1.31,-7296639.0,-11.99,6497037.0,10.68,646134.0,1.06,153468.0,0.25,-133.0,0.789,0.791,349195008.0,275514861,275514861,2026-07-20,2026-07-20 16:11:41+08:00
510880,红利ETF华泰柏瑞,3.242,3.2515,0.29,0.107,3.41,5479238.0,1762654538.0,3.14,3.248,3.139,3.135,3.48,6.88,1.82,-84.08,3277523.0,2201715.0,239793696.0,13.6,281913440.0,15.99,-42119744.0,-2.39,-233926305.0,-13.27,-5867392.0,-0.33,-30880.0,3.241,3.242,7969175808.0,25836067970,25836067970,2026-07-20,2026-07-20 16:11:36+08:00
560700,央企红利ETF广发,1.152,1.1481,-0.34,0.038,3.41,844801.0,96396189.0,1.129,1.154,1.12,1.114,3.05,23.63,8.46,0.85,567674.0,277127.0,-39633384.0,-41.12,-22335949.0,-23.17,-17297435.0,-17.94,14583739.0,15.13,25049645.0,25.99,-1304.0,1.151,1.152,357536896.0,411882504,411882504,2026-07-20,2026-07-20 16:11:52+08:00
561360,石油ETF国泰,1.335,1.3382,0.24,0.044,3.41,634732.0,84495450.0,1.3,1.344,1.3,1.291,3.41,4.82,1.07,7.07,417846.0,216886.0,640694.0,0.76,-3064245.0,-3.63,3704939.0,4.38,8229858.0,9.74,-8870553.0,-10.5,-7597.0,1.335,1.336,1316148000.0,1757057580,1757057580,2026-07-20,2026-07-20 16:11:42+08:00
520910,港股通互联网ETF华夏,0.669,0.6684,-0.09,0.022,3.4,1004240.0,67164674.0,0.66,0.673,0.66,0.647,2.01,13.35,0.81,65.08,547314.0,456926.0,3702474.0,5.51,2108679.0,3.14,1593795.0,2.37,-3175407.0,-4.73,-527067.0,-0.78,-6497.0,0.669,0.67,752445008.0,503385710,503385710,2026-07-20,2026-07-20 16:11:45+08:00
513170,恒生央企ETF鹏华,1.551,1.5505,-0.03,0.051,3.4,68119.0,10509720.0,1.516,1.552,1.516,1.5,2.4,3.35,1.38,-72.25,38824.0,29295.0,957862.0,9.11,2000.0,0.02,955862.0,9.1,-88500.0,-0.84,-869362.0,-8.27,-375.0,1.551,1.552,203573000.0,315741723,315741723,2026-07-20,2026-07-20 16:11:59+08:00
562930,软件ETF易方达,0.702,0.7016,-0.06,0.023,3.39,676119.0,46839451.0,0.681,0.703,0.681,0.679,3.24,5.05,1.0,7.0,364091.0,312028.0,3516825.0,7.51,4972539.0,10.62,-1455714.0,-3.11,-2686839.0,-5.74,-829986.0,-1.77,-10647.0,0.702,0.703,1339437008.0,940284780,940284780,2026-07-20,2026-07-20 16:11:57+08:00
516600,消费服务ETF工银,0.61,0.6115,0.25,0.02,3.39,47809.0,2891221.0,0.593,0.61,0.589,0.59,3.56,4.11,1.41,-15.12,23123.0,24686.0,40097.0,1.39,-1230954.0,-42.58,1271051.0,43.96,-14116.0,-0.49,-25981.0,-0.9,-732.0,0.61,0.611,116332100.0,70962581,70962581,2026-07-20,2026-07-20 16:11:32+08:00
588130,科创医药ETF华夏,1.041,1.0404,-0.06,0.034,3.38,825336.0,84677592.0,1.007,1.042,1.0,1.007,4.17,27.69,1.22,-29.32,549427.0,275909.0,-1065971.0,-1.26,-7593686.0,-8.97,6527715.0,7.71,394472.0,0.47,671499.0,0.79,-1453.0,1.04,1.041,298082608.0,310303995,310303995,2026-07-20,2026-07-20 16:11:57+08:00
520560,香港大盘30ETF华宝,0.827,0.8266,-0.05,0.027,3.38,120282.0,9900235.0,0.81,0.827,0.8,0.8,3.38,1.84,0.81,-28.74,62690.0,57592.0,894368.0,9.03,593295.0,5.99,301073.0,3.04,-468004.0,-4.73,-426364.0,-4.31,-2070.0,0.826,0.827,655419008.0,542031520,542031520,2026-07-20,2026-07-20 16:11:55+08:00
560190,公用事业ETF鹏华,1.043,1.0439,0.09,0.034,3.37,21121.0,2158008.0,1.014,1.043,1.005,1.009,3.77,11.84,1.53,6.64,9022.0,12099.0,-5466.0,-0.25,412808.0,19.13,-418274.0,-19.38,-11924.0,-0.55,17390.0,0.81,-323.0,1.043,1.044,17834000.0,18600862,18600862,2026-07-20,2026-07-20 16:11:41+08:00
159128,港股科技ETF天弘,0.74,0.7395,-0.07,0.024,3.35,1638422.0,121091922.399,0.725,0.746,0.725,0.716,2.93,8.43,1.17,-46.85,889989.0,748433.0,2826609.0,2.33,-902744.0,-0.75,3729353.0,3.08,-2467466.0,-2.04,-359143.0,-0.3,-1782.0,0.74,0.741,1943760848.0,1438383028,1438383028,2026-07-20,2026-07-20 15:34:24+08:00
159166,现金流ETF长城,0.833,0.834,0.12,0.027,3.35,33206.0,2736786.318,0.808,0.834,0.808,0.806,3.23,0.56,1.04,14.6,19140.0,14066.0,748158.0,27.34,1252980.0,45.78,-504822.0,-18.45,-539172.0,-19.7,-208988.0,-7.64,-519.0,0.833,0.834,587816064.0,489650781,489650781,2026-07-20,2026-07-20 15:34:33+08:00
159788,港股通100ETF易方达,1.206,1.2093,0.27,0.039,3.34,135929.0,16361319.4,1.177,1.208,1.177,1.167,2.66,16.9,0.93,-43.31,71813.0,64116.0,1110235.0,6.79,-603909.0,-3.69,1714144.0,10.48,-840969.0,-5.14,-269265.0,-1.65,-30.0,1.206,1.207,80424965.0,96992508,96992508,2026-07-20,2026-07-20 15:34:30+08:00
560020,红利ETF汇添富,1.094,1.0926,-0.13,0.035,3.31,70844.0,7666707.0,1.061,1.097,1.061,1.059,3.4,5.47,1.67,15.84,29984.0,40860.0,-1057267.0,-13.79,-431618.0,-5.63,-625649.0,-8.16,992923.0,12.95,64345.0,0.84,-2550.0,1.093,1.094,129562000.0,141740828,141740828,2026-07-20,2026-07-20 16:11:48+08:00
563900,300自由现金流ETF摩根,1.125,1.1275,0.22,0.036,3.31,222704.0,24738148.0,1.099,1.134,1.098,1.089,3.31,4.34,0.94,13.25,112370.0,110334.0,2336541.0,9.45,949198.0,3.84,1387343.0,5.61,-1582653.0,-6.4,-753887.0,-3.05,-217.0,1.123,1.125,512965696.0,577086408,577086408,2026-07-20,2026-07-20 16:11:59+08:00
512120,医药ETF华安,0.468,0.4711,0.66,0.015,3.31,447993.0,20735808.0,0.447,0.471,0.447,0.453,5.3,5.4,0.71,-7.09,278125.0,169868.0,872223.0,4.21,-677635.0,-3.27,1549858.0,7.47,-504075.0,-2.43,-368148.0,-1.78,-532.0,0.468,0.469,829241904.0,388085211,388085211,2026-07-20,2026-07-20 16:11:34+08:00
159636,港股通科技30ETF工银,0.531,0.5322,0.23,0.017,3.31,14802917.0,786077497.768,0.527,0.537,0.525,0.514,2.33,5.83,1.08,-80.16,7188287.0,7614630.0,25291692.0,3.22,71444432.0,9.09,-46152740.0,-5.87,-22780629.0,-2.9,-2511066.0,-0.32,-32373.0,0.531,0.532,25392501248.0,13483418163,13483418163,2026-07-20,2026-07-20 15:34:36+08:00
512010,医药ETF易方达,0.376,0.3771,0.29,0.012,3.3,20177052.0,748372469.0,0.359,0.377,0.359,0.364,4.95,4.27,0.88,-71.49,11822374.0,8354678.0,82336600.0,11.0,162235840.0,21.68,-79899240.0,-10.68,-64416726.0,-8.61,-17919881.0,-2.39,-130918.0,0.376,0.377,47234694912.0,17760245287,17760245287,2026-07-20,2026-07-20 16:11:40+08:00
159191,港股通科技ETF易方达,0.94,0.9354,-0.49,0.03,3.3,69653.0,6519328.227,0.927,0.945,0.927,0.91,1.98,9.53,0.73,-24.78,29585.0,40068.0,66455.0,1.02,933.0,0.01,65522.0,1.01,-39687.0,-0.61,-26768.0,-0.41,124.0,0.937,0.94,73104851.0,68718560,68718560,2026-07-20,2026-07-20 15:34:27+08:00
159850,恒生国企ETF华夏,0.815,0.8152,0.02,0.026,3.3,187205.0,15164272.212,0.8,0.815,0.796,0.789,2.41,3.48,0.89,-58.1,101598.0,85607.0,576841.0,3.8,-1416079.0,-9.34,1992920.0,13.14,-263247.0,-1.74,-313594.0,-2.07,-560.0,0.815,0.816,538706496.0,439045794,439045794,2026-07-20,2026-07-20 15:34:33+08:00
520530,港股通科技ETF东财,0.816,0.8148,-0.15,0.026,3.29,785326.0,64034017.0,0.808,0.822,0.807,0.79,1.9,32.35,1.12,-5.45,417751.0,367575.0,4570476.0,7.14,1173300.0,1.83,3397176.0,5.31,-3641703.0,-5.69,-928773.0,-1.45,-3592.0,0.815,0.816,242776000.0,198105216,198105216,2026-07-20,2026-07-20 16:11:35+08:00
159068,软件ETF华夏,0.974,0.9719,-0.22,0.031,3.29,69352.0,6646200.456,0.943,0.974,0.943,0.943,3.29,5.49,1.43,66.57,24249.0,45103.0,672523.0,10.12,2652494.0,39.91,-1979971.0,-29.79,-705235.0,-10.61,32712.0,0.49,-91.0,0.974,0.975,126336570.0,123051819,123051819,2026-07-20,2026-07-20 15:34:57+08:00
159101,港股通科技ETF华夏,0.754,0.7536,-0.05,0.024,3.29,4749162.0,357915223.905,0.746,0.76,0.745,0.73,2.05,15.59,1.1,7.06,2595335.0,2153827.0,9673063.0,2.7,10408796.0,2.91,-735733.0,-0.21,-5965107.0,-1.67,-3707957.0,-1.04,-6436.0,0.754,0.755,3046311456.0,2296918838,2296918838,2026-07-20,2026-07-20 15:34:00+08:00
513060,恒生医疗ETF博时,0.535,0.5365,0.28,0.017,3.28,19250031.0,1025195407.0,0.526,0.539,0.523,0.518,3.09,17.77,0.94,-31.74,10261469.0,8988562.0,36519264.0,3.56,39638192.0,3.87,-3118928.0,-0.3,-27088872.0,-2.64,-9430393.0,-0.92,-44793.0,0.534,0.535,10830393344.0,5794260439,5794260439,2026-07-20,2026-07-20 16:11:54+08:00
510720,红利国企ETF国泰,1.008,1.0106,0.26,0.032,3.28,3759389.0,375693813.0,0.976,1.01,0.976,0.976,3.48,11.86,1.72,-65.69,2551880.0,1207509.0,138145107.0,36.77,124582864.0,33.16,13562243.0,3.61,-85365659.0,-22.72,-52779448.0,-14.05,-15757.0,1.008,1.009,3168766000.0,3194116128,3194116128,2026-07-20,2026-07-20 16:11:43+08:00
561580,XD央企红利ETF华泰柏瑞,1.2,1.2023,0.19,0.038,3.27,1613744.0,191760704.0,1.171,1.201,1.165,1.162,3.1,7.52,2.2,-10.87,997336.0,616408.0,-17709541.0,-9.24,-7533286.0,-3.93,-10176255.0,-5.31,10350055.0,5.4,7359487.0,3.84,-13050.0,1.199,1.2,2146370704.0,2575644845,2575644845,2026-07-20,2026-07-20 16:11:47+08:00
513160,港股科技ETF银华,0.98,0.9797,-0.03,0.031,3.27,4681960.0,458525665.0,0.966,0.988,0.966,0.949,2.32,12.95,0.91,-50.46,2310713.0,2371247.0,50420042.0,11.0,22402238.0,4.89,28017804.0,6.11,-39537911.0,-8.62,-10882131.0,-2.37,-5451.0,0.98,0.981,3615189296.0,3542885510,3542885510,2026-07-20,2026-07-20 16:12:02+08:00
159137,港股通医疗ETF华宝,0.853,0.8526,-0.05,0.027,3.27,919177.0,78384469.261,0.836,0.863,0.835,0.826,3.39,54.51,0.92,-49.21,474630.0,444547.0,2236231.0,2.85,-2946741.0,-3.76,5182972.0,6.61,-1827615.0,-2.33,-408616.0,-0.52,681.0,0.851,0.853,168632607.0,143843614,143843614,2026-07-20,2026-07-20 15:34:57+08:00
560330,沪深300价值ETF申万菱信,1.232,1.2229,-0.74,0.039,3.27,14989.0,1807400.0,1.194,1.236,1.193,1.193,3.6,8.75,0.99,-16.31,11362.0,3627.0,-26836.0,-1.48,0.0,0.0,-26836.0,-1.48,110043.0,6.09,-83207.0,-4.6,-1641.0,1.232,1.236,17130000.0,21104160,21104160,2026-07-20,2026-07-20 16:11:56+08:00
159266,港股央企红利ETF永赢,0.95,0.9506,0.06,0.03,3.26,101720.0,9593874.6,0.935,0.951,0.919,0.92,3.48,2.86,1.01,77.79,77101.0,24619.0,573873.0,5.98,-352861.0,-3.68,926734.0,9.66,-202475.0,-2.11,-371399.0,-3.87,67.0,0.948,0.95,355710096.0,337924591,337924591,2026-07-20,2026-07-20 15:34:06+08:00
159758,红利质量ETF华夏,1.08,1.0826,0.24,0.034,3.25,1401238.0,149068181.532,1.046,1.082,1.046,1.046,3.44,9.69,2.59,-81.98,577548.0,823690.0,9000583.0,6.04,6112854.0,4.1,2887729.0,1.94,-6269824.0,-4.21,-2730759.0,-1.83,687.0,1.076,1.08,1446290784.0,1561994047,1561994047,2026-07-20,2026-07-20 15:34:18+08:00
159125,港股通科技ETF招商,0.73,0.7306,0.08,0.023,3.25,862523.0,63112115.646,0.714,0.738,0.714,0.707,3.39,9.96,1.2,-34.24,445012.0,417511.0,-676075.0,-1.07,-1103048.0,-1.75,426973.0,0.68,342148.0,0.54,333928.0,0.53,-50.0,0.73,0.732,866245888.0,632359498,632359498,2026-07-20,2026-07-20 15:34:12+08:00
159508,生物医药ETF华安,0.795,0.7921,-0.37,0.025,3.25,231556.0,18142508.6,0.755,0.799,0.755,0.77,5.71,19.62,0.74,-28.83,112321.0,119235.0,2927031.0,16.13,1651176.0,9.1,1275855.0,7.03,-2921980.0,-16.11,-5051.0,-0.03,1490.0,0.793,0.795,118031598.0,93835120,93835120,2026-07-20,2026-07-20 15:34:27+08:00
513020,港股科技ETF国泰,0.954,0.9527,-0.14,0.03,3.25,2420396.0,230805593.0,0.946,0.962,0.942,0.924,2.16,9.36,0.81,-85.21,1297151.0,1123245.0,10103527.0,4.38,-5572855.0,-2.41,15676382.0,6.79,-7585700.0,-3.29,-2517827.0,-1.09,-2950.0,0.953,0.954,2585145408.0,2466228719,2466228719,2026-07-20,2026-07-20 16:12:01+08:00
561750,A50ETF博时,1.178,1.1704,-0.65,0.037,3.24,19497.0,2266346.0,1.152,1.178,1.15,1.141,2.45,3.02,0.51,-0.52,9527.0,9970.0,668901.0,29.51,0.0,0.0,668901.0,29.51,-582073.0,-25.68,-86827.0,-3.83,3.0,1.178,1.182,64496000.0,75976288,75976288,2026-07-20,2026-07-20 16:11:43+08:00
510660,医药ETF华夏,2.488,2.4969,0.36,0.078,3.24,90524.0,22180229.0,2.41,2.493,2.39,2.41,4.27,14.75,0.85,5.0,43924.0,46600.0,-1045805.0,-4.72,1167276.0,5.26,-2213081.0,-9.98,919293.0,4.14,126511.0,0.57,-1652.0,2.488,2.49,61379700.0,152712694,152712694,2026-07-20,2026-07-20 16:11:38+08:00
560790,软件ETF鹏华,0.829,0.8307,0.2,0.026,3.24,24363.0,1995402.0,0.803,0.829,0.803,0.803,3.24,1.07,0.81,-90.0,14757.0,9606.0,-366380.0,-18.36,0.0,0.0,-366380.0,-18.36,433146.0,21.71,-66766.0,-3.35,-2386.0,0.829,0.83,227455900.0,188560941,188560941,2026-07-20,2026-07-20 16:11:45+08:00
159318,恒指港股通ETF银华,1.307,1.301,-0.46,0.041,3.24,28128.0,3651172.4,1.286,1.307,1.285,1.266,1.74,16.94,2.59,56.26,14399.0,13729.0,1013173.0,27.75,1956641.0,53.59,-943468.0,-25.84,-863870.0,-23.66,-149303.0,-4.09,199.0,1.297,1.307,16601647.0,21698353,21698353,2026-07-20,2026-07-20 15:34:42+08:00
159798,消费ETF易方达,0.864,0.8589,-0.59,0.027,3.23,269685.0,22928595.9,0.834,0.864,0.83,0.837,4.06,15.48,1.38,14.97,146146.0,123539.0,-1761658.0,-7.68,1618440.0,7.06,-3380098.0,-14.74,1473266.0,6.43,288390.0,1.26,-1082.0,0.864,0.865,174245390.0,150548017,150548017,2026-07-20,2026-07-20 15:34:03+08:00
513860,港股通科技ETF海富通,0.608,0.6113,0.54,0.019,3.23,3244571.0,197569081.0,0.61,0.615,0.601,0.589,2.38,8.42,1.08,-33.42,1395568.0,1849003.0,9374700.0,4.75,24656221.0,12.48,-15281521.0,-7.73,-8587509.0,-4.35,-787191.0,-0.4,-5441.0,0.608,0.609,3851470608.0,2341694130,2341694130,2026-07-20,2026-07-20 16:11:55+08:00
563390,全指现金流ETF华泰柏瑞,1.193,1.1911,-0.16,0.037,3.2,1097639.0,129946038.0,1.158,1.195,1.156,1.156,3.37,5.78,3.31,25.95,666758.0,430881.0,-2869260.0,-2.21,-16777154.0,-12.91,13907894.0,10.7,3928339.0,3.02,-1059077.0,-0.82,-21.0,1.191,1.193,1900344000.0,2267110392,2267110392,2026-07-20,2026-07-20 16:11:34+08:00
159605,中概互联ETF广发,0.838,0.817,-2.57,0.026,3.2,6081513.0,507967218.813,0.825,0.841,0.823,0.812,2.22,14.05,0.97,-40.54,3267008.0,2814505.0,18309996.0,3.6,8592526.0,1.69,9717470.0,1.91,-12590238.0,-2.48,-5719757.0,-1.13,17809.0,0.837,0.838,4329486080.0,3628109335,3628109335,2026-07-20,2026-07-20 15:34:24+08:00
159992,创新药ETF银华,0.87,0.8714,0.16,0.027,3.2,16248394.0,1397643536.234,0.832,0.878,0.83,0.843,5.69,8.13,0.78,-30.45,8621896.0,7626498.0,84976384.0,6.08,-18176800.0,-1.3,103153184.0,7.38,-56836108.0,-4.07,-28140297.0,-2.01,74995.0,0.869,0.87,19994981120.0,17395633574,17395633574,2026-07-20,2026-07-20 15:34:36+08:00
159262,港股通科技ETF广发,0.871,0.8717,0.08,0.027,3.2,8373119.0,728830576.2,0.863,0.878,0.86,0.844,2.13,14.19,1.1,-9.7,4052899.0,4320220.0,11476960.0,1.57,37214592.0,5.11,-25737632.0,-3.53,-6841792.0,-0.94,-4635166.0,-0.64,2451.0,0.87,0.871,5900720384.0,5139527454,5139527454,2026-07-20,2026-07-20 15:34:12+08:00
159179,港股通互联网ETF工银,0.872,0.872,0.0,0.027,3.2,338553.0,29542723.692,0.845,0.878,0.845,0.845,3.91,33.89,0.72,36.04,178511.0,160042.0,460153.0,1.56,776556.0,2.63,-316403.0,-1.07,-361122.0,-1.22,-99031.0,-0.34,-7.0,0.872,0.875,99903568.0,87115911,87115911,2026-07-20,2026-07-20 15:34:36+08:00
159169,恒生生物科技ETF广发,0.907,0.9111,0.45,0.028,3.19,519703.0,47215434.175,0.889,0.919,0.888,0.879,3.53,29.38,0.84,-14.5,254344.0,265359.0,1741772.0,3.69,-642037.0,-1.36,2383809.0,5.05,-1316360.0,-2.79,-425412.0,-0.9,-1001.0,0.907,0.91,176874485.0,160425158,160425158,2026-07-20,2026-07-20 15:34:36+08:00
563180,高股息ETF银华,1.131,1.1334,0.21,0.035,3.19,71201.0,7950296.0,1.098,1.131,1.098,1.096,3.01,6.22,1.18,10.54,39107.0,32094.0,196541.0,2.47,277561.0,3.49,-81020.0,-1.02,-26287.0,-0.33,-170254.0,-2.14,-1971.0,1.13,1.131,114420000.0,129409020,129409020,2026-07-20,2026-07-20 16:11:41+08:00
520950,港股通50ETF摩根,0.842,0.8424,0.05,0.026,3.19,250781.0,21118589.0,0.823,0.847,0.823,0.816,2.94,7.45,0.5,-5.81,126948.0,123833.0,358126.0,1.7,-490482.0,-2.32,848608.0,4.02,-144922.0,-0.69,-213204.0,-1.01,-1436.0,0.842,0.844,336421008.0,283266489,283266489,2026-07-20,2026-07-20 16:11:39+08:00
159837,生物科技ETF易方达,0.485,0.4836,-0.29,0.015,3.19,1107193.0,53048814.261,0.468,0.487,0.465,0.47,4.68,3.72,0.74,-85.09,578081.0,529112.0,4481283.0,8.45,5537135.0,10.44,-1055852.0,-1.99,-3281709.0,-6.19,-1199575.0,-2.26,7030.0,0.484,0.485,2975152832.0,1442949124,1442949124,2026-07-20,2026-07-20 15:34:51+08:00
515460,红利质量ETF南方,0.877,0.8789,0.22,0.027,3.18,180033.0,15599632.0,0.858,0.907,0.855,0.85,6.12,6.14,0.96,10.92,81800.0,98233.0,718807.0,4.61,-527736.0,-3.38,1246543.0,7.99,-584431.0,-3.75,-134375.0,-0.86,-2331.0,0.877,0.878,293091008.0,257040814,257040814,2026-07-20,2026-07-20 16:11:36+08:00
512720,计算机ETF国泰,1.168,1.168,0.0,0.036,3.18,260380.0,30555085.0,1.149,1.194,1.135,1.132,5.21,6.53,0.75,14.36,115719.0,144661.0,864765.0,2.83,-3505304.0,-11.47,4370069.0,14.3,761635.0,2.49,-1626400.0,-5.32,-401.0,1.167,1.168,398453408.0,465393581,465393581,2026-07-20,2026-07-20 16:11:42+08:00
159747,香港科技ETF南方,1.201,1.2004,-0.05,0.037,3.18,1241057.0,148805359.321,1.187,1.208,1.184,1.164,2.06,38.94,0.98,-31.41,659409.0,581648.0,9709972.0,6.53,923406.0,0.62,8786566.0,5.9,-7232402.0,-4.86,-2477570.0,-1.66,679.0,1.2,1.201,318712272.0,382773439,382773439,2026-07-20,2026-07-20 15:34:12+08:00
560620,公用事业ETF万家,0.974,0.9776,0.37,0.03,3.18,7523.0,726353.0,0.944,0.974,0.934,0.944,4.24,2.85,1.12,-5.08,4531.0,2992.0,148638.0,20.46,7018.0,0.97,141620.0,19.5,-156533.0,-21.55,7894.0,1.09,-2061.0,0.971,0.974,26367000.0,25681458,25681458,2026-07-20,2026-07-20 16:11:51+08:00
561080,全指现金流ETF华安,1.172,1.1704,-0.14,0.036,3.17,46080.0,5312007.0,1.139,1.172,1.139,1.136,2.9,17.55,1.83,9.51,29076.0,17004.0,86553.0,1.63,-726101.0,-13.67,812654.0,15.3,-66361.0,-1.25,-20191.0,-0.38,-48.0,1.17,1.172,26250000.0,30765000,30765000,2026-07-20,2026-07-20 16:11:54+08:00
512070,证券保险ETF易方达,0.813,0.8139,0.11,0.025,3.17,10796510.0,870628899.0,0.788,0.814,0.788,0.788,3.3,5.5,0.98,-41.72,6068844.0,4727666.0,104648879.0,12.02,90395920.0,10.38,14252959.0,1.64,-70938742.0,-8.15,-33710134.0,-3.87,-153023.0,0.812,0.813,19638479616.0,15966083928,15966083928,2026-07-20,2026-07-20 16:11:57+08:00
159366,港股医疗ETF永赢,1.272,1.27,-0.16,0.039,3.16,1205447.0,152990535.0,1.247,1.285,1.24,1.233,3.65,59.87,0.91,12.41,599176.0,606271.0,-7857164.0,-5.14,-7004117.0,-4.58,-853047.0,-0.56,9205447.0,6.02,-1348282.0,-0.88,-955.0,1.272,1.273,201333072.0,256095668,256095668,2026-07-20,2026-07-20 15:34:24+08:00
561430,红利质量ETF博时,1.014,1.0164,0.24,0.031,3.15,63703.0,6418251.0,0.999,1.014,0.99,0.983,2.44,7.47,0.57,-84.07,38559.0,25145.0,1464555.0,22.82,1377831.0,21.47,86724.0,1.35,-1183329.0,-18.44,-281227.0,-4.38,-420.0,1.014,1.015,85223200.0,86416325,86416325,2026-07-20,2026-07-20 16:11:54+08:00
159750,港股科技50ETF招商,0.883,0.8844,0.16,0.027,3.15,1464453.0,129023183.0,0.869,0.888,0.869,0.856,2.22,11.31,0.99,-30.23,749571.0,714882.0,5286747.0,4.1,-361995.0,-0.28,5648742.0,4.38,-4845439.0,-3.76,-441307.0,-0.34,-1415.0,0.883,0.884,1294618256.0,1143147920,1143147920,2026-07-20,2026-07-20 15:34:36+08:00
159736,食品饮料ETF天弘,0.59,0.5875,-0.43,0.018,3.15,689780.0,40396041.2,0.568,0.59,0.568,0.572,3.85,0.93,1.43,-32.63,421214.0,268566.0,-486057.0,-1.2,-5843578.0,-14.47,5357521.0,13.26,422030.0,1.04,64028.0,0.16,3595.0,0.589,0.59,7390394368.0,4360332677,4360332677,2026-07-20,2026-07-20 15:34:15+08:00
159015,恒生港股通科技ETF国联,0.917,0.9188,0.2,0.028,3.15,243267.0,22346618.557,0.909,0.926,0.905,0.889,2.36,19.88,0.66,36.0,113637.0,129630.0,2029615.0,9.08,1698845.0,7.6,330770.0,1.48,-1454124.0,-6.51,-575491.0,-2.58,-1119.0,0.917,0.918,122352934.0,112197640,112197640,2026-07-20,2026-07-20 15:34:42+08:00
159035,软件ETF天弘,0.819,0.8183,-0.09,0.025,3.15,160527.0,12952365.507,0.793,0.822,0.793,0.794,3.65,4.19,1.28,-21.87,80277.0,80250.0,49210.0,0.38,552157.0,4.26,-502947.0,-3.88,-3903.0,-0.03,-45308.0,-0.35,-512.0,0.819,0.82,382859728.0,313562117,313562117,2026-07-20,2026-07-20 15:34:39+08:00
159109,恒生50ETF景顺,0.819,0.8225,0.43,0.025,3.15,798812.0,65245587.615,0.8,0.822,0.8,0.794,2.77,9.27,1.5,-23.33,429171.0,369641.0,14231585.0,21.81,5348082.0,8.2,8883503.0,13.62,-12961293.0,-19.87,-1270291.0,-1.95,-705.0,0.819,0.82,862163856.0,706112198,706112198,2026-07-20,2026-07-20 15:34:03+08:00
561870,现金流全指ETF华富,1.151,1.1524,0.12,0.035,3.14,20813.0,2372141.0,1.115,1.151,1.115,1.116,3.23,1.93,0.58,13.31,12713.0,8100.0,83623.0,3.53,0.0,0.0,83623.0,3.53,-63799.0,-2.69,-19823.0,-0.84,-90.0,1.147,1.151,107765000.0,124037515,124037515,2026-07-20,2026-07-20 16:11:49+08:00
159391,大盘价值ETF博时,1.088,1.0874,-0.06,0.033,3.13,27676.0,2997308.8,1.062,1.088,1.061,1.055,2.56,3.07,1.54,55.23,13078.0,14598.0,63197.0,2.11,961110.0,32.07,-897913.0,-29.96,-58860.0,-1.96,-4338.0,-0.14,28.0,1.086,1.088,90076398.0,98003121,98003121,2026-07-20,2026-07-20 15:34:12+08:00
159301,公用事业ETF华夏,0.988,0.987,-0.1,0.03,3.13,372913.0,36290408.4,0.959,0.988,0.951,0.958,3.86,31.09,1.58,49.56,208012.0,164901.0,-4695412.0,-12.94,-7443697.0,-20.51,2748285.0,7.57,3237573.0,8.92,1457839.0,4.02,-274.0,0.988,0.989,119958357.0,118518857,118518857,2026-07-20,2026-07-20 15:34:36+08:00
520850,港股通医疗ETF易方达,0.793,0.7935,0.06,0.024,3.12,231334.0,18324166.0,0.777,0.8,0.776,0.769,3.12,14.17,0.71,-6.47,125535.0,105799.0,968925.0,5.29,6837.0,0.04,962088.0,5.25,-851461.0,-4.65,-117464.0,-0.64,-61.0,0.791,0.793,163249600.0,129456933,129456933,2026-07-20,2026-07-20 16:11:47+08:00
515180,红利ETF易方达,1.394,1.3952,0.09,0.042,3.11,3483732.0,481400242.0,1.355,1.394,1.355,1.352,2.88,2.52,1.08,-26.31,1965327.0,1518405.0,113066807.0,23.49,85305017.0,17.72,27761790.0,5.77,-64242447.0,-13.34,-48824359.0,-10.14,-19250.0,1.393,1.394,13797637120.0,19233906145,19233906145,2026-07-20,2026-07-20 16:12:00+08:00
159120,港股通科技ETF国联安,0.762,0.7613,-0.09,0.023,3.11,178231.0,13564264.2,0.746,0.767,0.746,0.739,2.84,11.65,0.48,-25.39,93552.0,84679.0,1942661.0,14.32,294405.0,2.17,1648256.0,12.15,-1694670.0,-12.49,-247992.0,-1.83,1000.0,0.76,0.762,153024466.0,116604643,116604643,2026-07-20,2026-07-20 15:34:09+08:00
560370,红利质量ETF易方达,0.864,0.8663,0.27,0.026,3.1,27205.0,2325691.0,0.845,0.864,0.843,0.838,2.51,2.27,0.75,-33.68,17866.0,9339.0,-425052.0,-18.28,-431000.0,-18.53,5948.0,0.26,281905.0,12.12,143147.0,6.16,-379.0,0.864,0.865,120084000.0,103752576,103752576,2026-07-20,2026-07-20 16:12:00+08:00
517130,云计算ETF嘉实,0.967,0.9733,0.65,0.029,3.09,124215.0,12113336.0,0.955,0.989,0.955,0.938,3.62,6.03,0.8,-4.41,61607.0,62608.0,-229623.0,-1.9,1013971.0,8.37,-1243594.0,-10.27,339993.0,2.81,-110370.0,-0.91,-3603.0,0.967,0.968,206154000.0,199350918,199350918,2026-07-20,2026-07-20 16:11:44+08:00
560900,创新药ETF摩根,0.935,0.9371,0.22,0.028,3.09,353119.0,32652220.0,0.893,0.944,0.888,0.907,6.17,14.72,0.79,-2.48,193538.0,159581.0,3632258.0,11.12,7138312.0,21.86,-3506054.0,-10.74,-2234058.0,-6.84,-1398200.0,-4.28,-671.0,0.935,0.936,239969100.0,224371109,224371109,2026-07-20,2026-07-20 16:11:44+08:00
159569,港股红利低波ETF景顺,1.373,1.3662,-0.5,0.041,3.08,632549.0,86211820.0,1.344,1.373,1.335,1.332,2.85,18.17,1.42,56.84,387790.0,244759.0,2709618.0,3.14,-498738.0,-0.58,3208356.0,3.72,-2699701.0,-3.13,-9916.0,-0.01,-901.0,1.373,1.374,348147248.0,478006172,478006172,2026-07-20,2026-07-20 15:34:12+08:00
510710,上证50ETF博时,4.294,4.2952,0.03,0.128,3.07,172614.0,73815896.0,4.224,4.294,4.224,4.166,1.68,16.64,15.35,-66.68,44522.0,128092.0,377426.0,0.51,21289633.0,28.84,-20912207.0,-28.33,-1651311.0,-2.24,1273886.0,1.73,-58.0,4.294,4.3,103718900.0,445368957,445368957,2026-07-20,2026-07-20 16:11:44+08:00
560120,中证500现金流ETF华夏,1.175,1.1778,0.24,0.035,3.07,130596.0,15134158.0,1.14,1.176,1.14,1.14,3.16,2.24,0.83,14.56,59238.0,71358.0,1788238.0,11.82,1415142.0,9.35,373096.0,2.47,-1429284.0,-9.44,-358954.0,-2.37,-113.0,1.175,1.176,583689008.0,685834584,685834584,2026-07-20,2026-07-20 16:11:34+08:00
560360,软件ETF万家,1.214,1.2163,0.19,0.036,3.06,61470.0,7377571.0,1.183,1.214,1.183,1.178,2.63,3.01,0.99,5.46,34352.0,27118.0,-1422084.0,-19.28,-490746.0,-6.65,-931338.0,-12.62,1692842.0,22.95,-270757.0,-3.67,-1974.0,1.214,1.215,204345000.0,248074830,248074830,2026-07-20,2026-07-20 16:11:41+08:00
588420,科创创业人工智能ETF摩根,1.249,1.2445,-0.36,0.037,3.05,164092.0,20451943.0,1.247,1.28,1.2,1.212,6.6,12.28,0.95,57.01,69433.0,94659.0,514502.0,2.52,-2226514.0,-10.89,2741016.0,13.4,-555444.0,-2.72,40942.0,0.2,-1658.0,1.249,1.25,133648000.0,166926352,166926352,2026-07-20,2026-07-20 16:11:48+08:00
588860,科创医药ETF工银,0.676,0.6785,0.37,0.02,3.05,281729.0,18739781.0,0.652,0.679,0.652,0.656,4.12,7.56,0.88,-17.56,158935.0,122794.0,1875742.0,10.01,1275446.0,6.81,600296.0,3.2,-1403203.0,-7.49,-472539.0,-2.52,-5890.0,0.675,0.676,372889408.0,252073240,252073240,2026-07-20,2026-07-20 16:11:54+08:00
513220,中概互联ETF招商,0.984,0.9616,-2.33,0.029,3.04,661935.0,65043823.0,0.98,0.988,0.956,0.955,3.35,12.35,1.02,-14.07,373673.0,288262.0,7448503.0,11.45,3194391.0,4.91,4254112.0,6.54,-5394912.0,-8.29,-2053590.0,-3.16,-1372.0,0.984,0.985,536109408.0,527531657,527531657,2026-07-20,2026-07-20 16:11:36+08:00
159852,软件ETF嘉实,0.677,0.6789,0.28,0.02,3.04,6450098.0,431742206.377,0.662,0.679,0.659,0.657,3.04,5.49,1.05,-40.98,3607294.0,2842804.0,39222560.0,9.08,55793410.0,12.92,-16570850.0,-3.84,-24985900.0,-5.79,-14236660.0,-3.3,-45663.0,0.677,0.678,11751623936.0,7955849405,7955849405,2026-07-20,2026-07-20 15:34:24+08:00
159974,央企创新ETF富国,1.771,1.7574,-0.77,0.052,3.03,14452.0,2534038.0,1.749,1.771,1.739,1.719,1.86,3.76,1.36,-69.55,7715.0,6737.0,-606324.0,-23.93,10536.0,0.42,-616860.0,-24.34,280100.0,11.05,326225.0,12.87,289.0,1.765,1.771,38432422.0,68063819,68063819,2026-07-20,2026-07-20 15:34:33+08:00
520590,恒生科技ETF鹏华,0.815,0.8137,-0.16,0.024,3.03,249244.0,20273039.0,0.806,0.821,0.806,0.791,1.9,11.86,0.95,-10.69,141864.0,107380.0,1653849.0,8.16,2275834.0,11.23,-621985.0,-3.07,-1274541.0,-6.29,-379309.0,-1.87,-675.0,0.813,0.815,210235000.0,171341525,171341525,2026-07-20,2026-07-20 16:11:58+08:00
159333,港股央企红利ETF万家,1.329,1.3317,0.2,0.039,3.02,140168.0,18517642.5,1.289,1.33,1.289,1.29,3.18,6.52,1.25,-57.61,74027.0,66141.0,1037406.0,5.6,-595278.0,-3.21,1632684.0,8.82,-936983.0,-5.06,-100424.0,-0.54,109.0,1.328,1.329,214952835.0,285672318,285672318,2026-07-20,2026-07-20 15:34:03+08:00
159938,医药ETF广发,0.648,0.6469,-0.17,0.019,3.02,1269283.0,81205297.7,0.623,0.65,0.622,0.629,4.45,1.78,0.8,-81.98,650058.0,619225.0,4764640.0,5.87,5607946.0,6.91,-843306.0,-1.04,-3457154.0,-4.26,-1307487.0,-1.61,5865.0,0.646,0.648,7124567296.0,4616719608,4616719608,2026-07-20,2026-07-20 15:34:54+08:00
159263,价值ETF易方达,1.134,1.1315,-0.22,0.033,3.0,3268138.0,366409279.284,1.1,1.134,1.098,1.101,3.27,5.74,1.37,-36.19,2038517.0,1229621.0,-26355653.0,-7.19,-60878237.0,-16.61,34522584.0,9.42,24909649.0,6.8,1446003.0,0.39,4339.0,1.133,1.134,5696105216.0,6459383315,6459383315,2026-07-20,2026-07-20 15:34:30+08:00
563770,全指现金流ETF招商,1.166,1.1669,0.08,0.034,3.0,22342.0,2573781.0,1.142,1.167,1.137,1.132,2.65,7.02,0.23,1.41,9753.0,12589.0,-38064.0,-1.48,0.0,0.0,-38064.0,-1.48,46170.0,1.79,-8106.0,-0.31,50.0,1.164,1.165,31807000.0,37086962,37086962,2026-07-20,2026-07-20 16:11:58+08:00
159159,公用事业ETF国投瑞银,1.029,1.0324,0.33,0.03,3.0,145707.0,14848975.712,0.995,1.03,0.991,0.999,3.9,11.63,2.89,-83.92,69901.0,75806.0,845411.0,5.69,-1050210.0,-7.07,1895621.0,12.77,-426344.0,-2.87,-419067.0,-2.82,239.0,1.028,1.029,125318582.0,128952821,128952821,2026-07-20,2026-07-20 15:34:27+08:00
516500,生物科技ETF华夏,0.618,0.6197,0.27,0.018,3.0,206657.0,12639582.0,0.596,0.621,0.596,0.6,4.17,7.83,0.73,9.75,113483.0,93174.0,595086.0,4.71,1127408.0,8.92,-532322.0,-4.21,-289385.0,-2.29,-305702.0,-2.42,-316.0,0.617,0.618,263937200.0,163113190,163113190,2026-07-20,2026-07-20 16:11:49+08:00
510900,恒生中国企业ETF易方达,1.038,1.0402,0.21,0.03,2.98,2326820.0,240787818.0,1.021,1.041,1.019,1.008,2.18,6.69,1.0,-39.63,1132604.0,1194216.0,-5047781.0,-2.1,6218951.0,2.58,-11266732.0,-4.68,7106062.0,2.95,-2058282.0,-0.85,-6091.0,1.038,1.039,3476021904.0,3608110736,3608110736,2026-07-20,2026-07-20 16:11:49+08:00
563760,全指现金流ETF中银,1.142,1.1427,0.06,0.033,2.98,412715.0,46431288.0,1.109,1.142,1.109,1.109,2.98,5.4,0.73,2.75,287823.0,124892.0,-58728.0,-0.13,9169715.0,19.75,-9228443.0,-19.88,-65199.0,-0.14,123927.0,0.27,5.0,1.14,1.142,763913200.0,872388874,872388874,2026-07-20,2026-07-20 16:11:35+08:00
515650,消费50ETF富国,1.071,1.0699,-0.1,0.031,2.98,734190.0,77760142.0,1.045,1.073,1.037,1.04,3.46,2.38,1.15,-4.8,428328.0,305862.0,7581004.0,9.75,6011810.0,7.73,1569194.0,2.02,-2172780.0,-2.79,-5408224.0,-6.96,-2564.0,1.07,1.071,3087184000.0,3306374064,3306374064,2026-07-20,2026-07-20 16:12:00+08:00
520570,恒生科技ETF南方,0.763,0.7605,-0.33,0.022,2.97,2133929.0,162518001.0,0.755,0.768,0.753,0.741,2.02,6.25,0.96,-15.85,1078725.0,1055204.0,4816220.0,2.96,6531210.0,4.02,-1714990.0,-1.06,-4085976.0,-2.51,-730244.0,-0.45,-3468.0,0.763,0.764,3416876000.0,2607076388,2607076388,2026-07-20,2026-07-20 16:11:37+08:00
516930,生物科技ETF民生加银,0.489,0.4886,-0.08,0.014,2.95,6903.0,332161.0,0.465,0.491,0.465,0.475,5.47,0.62,0.2,-0.81,2643.0,4260.0,73469.0,22.12,-29560.0,-8.9,103029.0,31.02,-49614.0,-14.94,-23856.0,-7.18,-189.0,0.488,0.489,110639600.0,54102764,54102764,2026-07-20,2026-07-20 16:11:45+08:00
515080,中证红利ETF招商,1.537,1.5395,0.16,0.044,2.95,3950260.0,602182587.0,1.498,1.538,1.495,1.493,2.88,4.75,1.38,-58.36,2482037.0,1468223.0,105423500.0,17.51,148205209.0,24.61,-42781709.0,-7.1,-57141475.0,-9.49,-48282025.0,-8.02,-15905.0,1.537,1.538,8313148928.0,12777309902,12777309902,2026-07-20,2026-07-20 16:11:42+08:00
561420,300现金流ETF汇添富,1.048,1.0538,0.55,0.03,2.95,132127.0,13793236.0,1.022,1.055,1.022,1.018,3.24,1.21,0.85,12.23,84336.0,47791.0,1533870.0,11.12,1085504.0,7.87,448366.0,3.25,-1266727.0,-9.18,-267143.0,-1.94,1.0,1.049,1.051,1095237008.0,1147808384,1147808384,2026-07-20,2026-07-20 16:11:38+08:00
515890,红利ETF博时,1.43,1.4325,0.17,0.041,2.95,29890.0,4243076.0,1.391,1.43,1.391,1.389,2.81,0.88,0.4,17.11,20643.0,9247.0,1462538.0,34.47,1728665.0,40.74,-266127.0,-6.27,-539290.0,-12.71,-923248.0,-21.76,-217.0,1.429,1.43,341443904.0,488264783,488264783,2026-07-20,2026-07-20 16:11:53+08:00
512530,沪深300红利ETF建信,1.606,1.6047,-0.08,0.046,2.95,51101.0,8102889.0,1.552,1.608,1.552,1.56,3.59,4.99,1.0,92.88,29727.0,21374.0,709510.0,8.76,0.0,0.0,709510.0,8.76,-43696.0,-0.54,-665814.0,-8.22,-1058.0,1.605,1.606,102502000.0,164618212,164618212,2026-07-20,2026-07-20 16:11:57+08:00
517900,银行AH优选ETF招商,1.507,1.5043,-0.18,0.043,2.94,318182.0,47517317.0,1.475,1.507,1.465,1.464,2.87,6.74,1.39,27.82,232755.0,85427.0,-1607908.0,-3.38,-1682379.0,-3.54,74471.0,0.16,156004.0,0.33,1451904.0,3.06,-1525.0,1.507,1.508,471993504.0,711294211,711294211,2026-07-20,2026-07-20 16:11:51+08:00
516060,创新药ETF工银,0.598,0.6005,0.42,0.017,2.93,318061.0,18858231.0,0.57,0.604,0.569,0.581,6.02,9.63,0.84,-2.84,167994.0,150067.0,1195318.0,6.34,1574365.0,8.35,-379047.0,-2.01,-834287.0,-4.42,-361030.0,-1.91,-281.0,0.598,0.599,330237408.0,197481970,197481970,2026-07-20,2026-07-20 16:11:46+08:00
526010,港股通医疗ETF汇添富,0.912,0.9163,0.47,0.026,2.93,119697.0,10926293.0,0.894,0.929,0.894,0.886,3.95,15.26,0.48,-34.95,63911.0,55786.0,52680.0,0.48,0.0,0.0,52680.0,0.48,-52765.0,-0.48,85.0,0.0,-41.0,0.91,0.912,78458000.0,71553696,71553696,2026-07-20,2026-07-20 16:11:55+08:00
588250,科创医药ETF鹏华,1.055,1.059,0.38,0.03,2.93,327849.0,34135016.0,1.018,1.06,1.013,1.025,4.59,9.77,1.52,15.38,154343.0,173506.0,1963326.0,5.75,11010938.0,32.26,-9047612.0,-26.51,-2409198.0,-7.06,445873.0,1.31,-713.0,1.055,1.056,335675008.0,354137133,354137133,2026-07-20,2026-07-20 16:11:51+08:00
510150,消费ETF招商,0.494,0.4943,0.06,0.014,2.92,1314009.0,64088331.0,0.48,0.495,0.478,0.48,3.54,4.32,1.04,-25.46,810634.0,503375.0,3913271.0,6.11,8080747.0,12.61,-4167476.0,-6.5,-3416708.0,-5.33,-496563.0,-0.77,-3561.0,0.493,0.494,3045178608.0,1504318232,1504318232,2026-07-20,2026-07-20 16:12:00+08:00
520920,恒生科技ETF天弘,0.705,0.7066,0.23,0.02,2.92,4853387.0,342160308.0,0.7,0.711,0.698,0.685,1.9,2.58,1.06,-1.57,2458582.0,2394805.0,1719414.0,0.5,-3235877.0,-0.95,4955291.0,1.45,-4462.0,0.0,-1714951.0,-0.5,-9680.0,0.704,0.705,18837019136.0,13280098491,13280098491,2026-07-20,2026-07-20 16:11:38+08:00
159135,港股通科技ETF前海开源,0.81,0.808,-0.25,0.023,2.92,205685.0,16661395.443,0.816,0.866,0.801,0.787,8.26,3.2,0.63,-31.34,114335.0,91350.0,761304.0,4.57,-91897.0,-0.55,853201.0,5.12,-420400.0,-2.52,-340904.0,-2.05,1026.0,0.809,0.81,642466384.0,520397771,520397771,2026-07-20,2026-07-20 15:34:12+08:00
520840,港股通恒生科技ETF华安,0.775,0.7762,0.15,0.022,2.92,1298154.0,100751399.0,0.763,0.782,0.763,0.753,2.52,11.35,0.96,-60.18,720661.0,577493.0,6889762.0,6.84,3261379.0,3.24,3628383.0,3.6,-7067947.0,-7.02,178183.0,0.18,-3549.0,0.775,0.776,1144049008.0,886637981,886637981,2026-07-20,2026-07-20 16:11:52+08:00
513580,恒生科技ETF华安,0.599,0.6015,0.42,0.017,2.92,2892943.0,172940807.0,0.592,0.603,0.592,0.582,1.89,4.53,1.02,-17.93,1434796.0,1458147.0,1284559.0,0.74,10242661.0,5.92,-8958102.0,-5.18,-97110.0,-0.06,-1187448.0,-0.69,-7702.0,0.598,0.599,6388118016.0,3826482692,3826482692,2026-07-20,2026-07-20 16:11:54+08:00
515230,软件ETF国泰,0.673,0.6735,0.07,0.019,2.91,2653477.0,176602481.0,0.659,0.673,0.655,0.654,2.75,3.66,0.96,-36.92,1304568.0,1348909.0,19791630.0,11.21,22087786.0,12.51,-2296156.0,-1.3,-15611065.0,-8.84,-4180565.0,-2.37,-35068.0,0.673,0.674,7250690816.0,4879714919,4879714919,2026-07-20,2026-07-20 16:11:59+08:00
159998,计算机ETF天弘,0.956,0.9563,0.03,0.027,2.91,1455619.0,139150943.3,0.944,0.979,0.933,0.929,4.95,8.41,0.7,-46.65,669270.0,786349.0,-3680211.0,-2.64,-8416274.0,-6.05,4736063.0,3.4,3193705.0,2.3,486507.0,0.35,3632.0,0.955,0.956,1730255360.0,1654124124,1654124124,2026-07-20,2026-07-20 15:34:06+08:00
159689,消费ETF南方,0.638,0.638,0.0,0.018,2.9,103655.0,6542603.1,0.618,0.638,0.617,0.62,3.39,12.62,1.95,63.26,48056.0,55599.0,881815.0,13.48,-905949.0,-13.85,1787764.0,27.32,-572145.0,-8.74,-309670.0,-4.73,-730.0,0.638,0.639,82147787.0,52410288,52410288,2026-07-20,2026-07-20 15:34:12+08:00
159091,港股通金融ETF易方达,1.029,1.0324,0.33,0.029,2.9,572412.0,58562884.547,1.003,1.031,1.003,1.0,2.8,37.57,0.62,42.61,307397.0,265014.0,10434554.0,17.82,15466096.0,26.41,-5031542.0,-8.59,-8990405.0,-15.35,-1444149.0,-2.47,-82.0,1.029,1.03,152374196.0,156793048,156793048,2026-07-20,2026-07-20 15:34:51+08:00
159835,创新药ETF建信,0.676,0.6776,0.24,0.019,2.89,530807.0,35493175.425,0.646,0.682,0.645,0.657,5.63,12.36,0.75,-36.33,281927.0,248880.0,1063574.0,3.0,5468.0,0.02,1058106.0,2.98,-303350.0,-0.85,-760223.0,-2.14,2172.0,0.675,0.676,429504144.0,290344801,290344801,2026-07-20,2026-07-20 15:34:24+08:00
513620,港股医疗ETF银华,0.964,0.9696,0.58,0.027,2.88,538629.0,52029856.0,0.95,0.976,0.945,0.937,3.31,42.68,0.86,-32.71,247494.0,291135.0,1021100.0,1.96,-3251008.0,-6.25,4272108.0,8.21,-858535.0,-1.65,-162565.0,-0.31,-1071.0,0.964,0.965,126216000.0,121672224,121672224,2026-07-20,2026-07-20 16:11:50+08:00
520670,港股通科技ETF嘉实,0.789,0.7883,-0.09,0.022,2.87,333482.0,26312290.0,0.775,0.795,0.775,0.767,2.61,14.76,0.79,-21.45,184625.0,148857.0,109065.0,0.41,-550426.0,-2.09,659491.0,2.51,271271.0,1.03,-380335.0,-1.45,-564.0,0.789,0.79,225928100.0,178257271,178257271,2026-07-20,2026-07-20 16:11:49+08:00
159742,恒生科技ETF博时,0.609,0.61,0.16,0.017,2.87,4258543.0,259227482.7,0.604,0.614,0.603,0.592,1.86,6.29,1.02,-46.68,2284909.0,1973634.0,14358903.0,5.54,16715671.0,6.45,-2356768.0,-0.91,-11526357.0,-4.45,-2832547.0,-1.09,-6486.0,0.609,0.61,6772928256.0,4124713308,4124713308,2026-07-20,2026-07-20 15:34:30+08:00
515400,大数据ETF富国,0.859,0.8606,0.19,0.024,2.87,2393786.0,206409380.0,0.853,0.883,0.837,0.835,5.51,12.6,0.71,2.29,1135372.0,1258414.0,16888329.0,8.18,9801973.0,4.75,7086356.0,3.43,-7294451.0,-3.53,-9593878.0,-4.65,-12451.0,0.859,0.86,1899631408.0,1631783379,1631783379,2026-07-20,2026-07-20 16:11:51+08:00
159581,红利ETF万家,1.043,1.0441,0.11,0.029,2.86,435532.0,45033668.6,1.013,1.043,1.013,1.014,2.96,3.12,1.1,-76.84,273202.0,162330.0,9350997.0,20.76,11318416.0,25.13,-1967419.0,-4.37,-5026414.0,-11.16,-4324583.0,-9.6,88.0,1.042,1.043,1396225712.0,1456263418,1456263418,2026-07-20,2026-07-20 15:34:18+08:00
159691,港股红利ETF工银,1.189,1.1911,0.18,0.033,2.85,2573681.0,304220172.599,1.168,1.19,1.166,1.156,2.08,6.3,1.17,5.72,1569095.0,1004586.0,3950935.0,1.3,9489008.0,3.12,-5538073.0,-1.82,-1788823.0,-0.59,-2162112.0,-0.71,-2690.0,1.189,1.19,4083301392.0,4855045355,4855045355,2026-07-20,2026-07-20 15:34:00+08:00
561770,A100ETF博时,1.264,1.2524,-0.93,0.035,2.85,12688.0,1584365.0,1.241,1.264,1.241,1.229,1.87,3.38,0.5,22.44,3017.0,9671.0,329333.0,20.79,0.0,0.0,329333.0,20.79,-338680.0,-21.38,9348.0,0.59,4.0,1.26,1.264,37550000.0,47463200,47463200,2026-07-20,2026-07-20 16:11:48+08:00
520510,港股通医疗ETF华夏,0.833,0.8352,0.26,0.023,2.84,1781108.0,148598721.0,0.824,0.843,0.818,0.81,3.09,86.16,0.67,-3.53,923495.0,857613.0,1024509.0,0.69,1376083.0,0.93,-351574.0,-0.24,-1812421.0,-1.22,787914.0,0.53,-59.0,0.833,0.834,206728000.0,172204424,172204424,2026-07-20,2026-07-20 16:11:57+08:00
159331,红利港股ETF国泰,1.268,1.2687,0.06,0.035,2.84,93270.0,11753561.5,1.234,1.268,1.234,1.233,2.76,6.11,1.09,46.52,52411.0,40859.0,1494571.0,12.72,0.0,0.0,1494571.0,12.72,652694.0,5.55,-2147265.0,-18.27,-269.0,1.268,1.269,152694179.0,193616219,193616219,2026-07-20,2026-07-20 15:34:12+08:00
560070,央企红利ETF汇添富,1.127,1.128,0.09,0.031,2.83,41871.0,4691331.0,1.134,1.134,1.105,1.096,2.65,4.96,0.38,9.31,28637.0,13234.0,-152935.0,-3.26,-271339.0,-5.78,118404.0,2.52,-6165.0,-0.13,159101.0,3.39,-2045.0,1.126,1.127,84362300.0,95076312,95076312,2026-07-20,2026-07-20 16:11:50+08:00
517880,品牌消费ETF华泰柏瑞,0.762,0.765,0.39,0.021,2.83,22145.0,1675227.0,0.748,0.764,0.748,0.741,2.16,4.15,0.76,5.56,14967.0,7178.0,-7137.0,-0.43,0.0,0.0,-7137.0,-0.43,-8110.0,-0.48,15246.0,0.91,-415.0,0.762,0.763,53337100.0,40642870,40642870,2026-07-20,2026-07-20 16:11:43+08:00
159236,自由现金流ETF工银,1.162,1.1646,0.22,0.032,2.83,61595.0,7110133.3,1.135,1.163,1.135,1.13,2.48,13.77,1.16,-62.28,33307.0,28288.0,766575.0,10.78,0.0,0.0,766575.0,10.78,-536348.0,-7.54,-230227.0,-3.24,-20.0,1.163,1.165,44722161.0,51967151,51967151,2026-07-20,2026-07-20 15:34:51+08:00
159670,消费50ETF国联安,0.874,0.8741,0.01,0.024,2.82,81350.0,7040387.4,0.852,0.874,0.841,0.85,3.88,14.1,2.21,-5.46,36270.0,45080.0,-133505.0,-1.9,1445595.0,20.53,-1579100.0,-22.43,210868.0,3.0,-77363.0,-1.1,583.0,0.872,0.873,57706921.0,50435849,50435849,2026-07-20,2026-07-20 15:34:00+08:00
513010,恒生科技ETF易方达,0.622,0.6207,-0.21,0.017,2.81,21180014.0,1314968695.0,0.617,0.626,0.614,0.605,1.98,4.75,0.96,-23.13,10935702.0,10244311.0,39929888.0,3.04,92339120.0,7.02,-52409232.0,-3.99,-28562918.0,-2.17,-11366986.0,-0.86,-77658.0,0.621,0.622,44587307008.0,27733304959,27733304959,2026-07-20,2026-07-20 16:11:53+08:00
520550,港股红利低波ETF招商,1.097,1.0944,-0.24,0.03,2.81,738034.0,80350889.0,1.071,1.098,1.071,1.067,2.53,6.51,1.7,-22.61,334548.0,403486.0,6494934.0,8.08,12304750.0,15.31,-5809816.0,-7.23,-3542709.0,-4.41,-2952225.0,-3.67,-3420.0,1.096,1.097,1134024000.0,1244024328,1244024328,2026-07-20,2026-07-20 16:11:58+08:00
159143,港股通央企红利ETF平安,0.95,0.9493,-0.07,0.026,2.81,42308.0,3997321.8,0.927,0.95,0.927,0.924,2.49,7.48,2.22,-73.53,22884.0,19424.0,230026.0,5.75,-472500.0,-11.82,702526.0,17.57,-195361.0,-4.89,-34664.0,-0.87,43.0,0.948,0.95,56554456.0,53726733,53726733,2026-07-20,2026-07-20 15:34:18+08:00
510950,上证50ETF广发,0.989,0.9883,-0.07,0.027,2.81,303901.0,29771082.0,0.965,0.989,0.965,0.962,2.49,22.93,1.18,-18.34,165989.0,137912.0,315757.0,1.06,-3694986.0,-12.41,4010743.0,13.47,108358.0,0.36,-424115.0,-1.42,-3514.0,0.988,0.989,132520800.0,131063071,131063071,2026-07-20,2026-07-20 16:11:40+08:00
562320,沪深300价值ETF银华,1.321,1.3224,0.11,0.036,2.8,100076.0,13103903.0,1.289,1.321,1.289,1.285,2.49,17.17,1.67,29.33,53312.0,46764.0,-916755.0,-7.0,0.0,0.0,-916755.0,-7.0,863877.0,6.59,52878.0,0.4,-353.0,1.318,1.321,58295500.0,77008356,77008356,2026-07-20,2026-07-20 16:11:49+08:00
515980,人工智能ETF华富,1.063,1.0618,-0.11,0.029,2.8,4665489.0,496859282.0,1.076,1.098,1.023,1.034,7.25,7.59,1.14,-13.37,2217736.0,2447753.0,12718444.0,2.56,38720941.0,7.79,-26002497.0,-5.23,-5947817.0,-1.2,-6770627.0,-1.36,-16011.0,1.062,1.063,6146128896.0,6533335016,6533335016,2026-07-20,2026-07-20 16:11:34+08:00
563620,全指现金流ETF兴业,1.063,1.0629,-0.01,0.029,2.8,10385.0,1097745.0,1.044,1.063,1.038,1.034,2.42,1.85,0.67,10.64,8604.0,1781.0,15581.0,1.42,0.0,0.0,15581.0,1.42,-81313.0,-7.41,65733.0,5.99,-4337.0,1.06,1.063,56049000.0,59580087,59580087,2026-07-20,2026-07-20 16:11:43+08:00
513890,恒生科技ETF摩根,0.922,0.9219,-0.01,0.025,2.79,830095.0,76529387.0,0.911,0.929,0.911,0.897,2.01,9.22,0.84,-24.35,417697.0,412398.0,5620102.0,7.34,1221954.0,1.6,4398148.0,5.75,-4350631.0,-5.68,-1269471.0,-1.66,-1718.0,0.921,0.922,900128000.0,829918016,829918016,2026-07-20,2026-07-20 16:11:37+08:00
513750,港股通非银ETF广发,1.508,1.506,-0.13,0.041,2.79,7294939.0,1098671682.0,1.483,1.519,1.478,1.467,2.79,7.37,1.07,-22.41,4227541.0,3067398.0,-133499876.0,-12.15,-87852004.0,-8.0,-45647872.0,-4.15,8548438.0,0.78,124951437.0,11.37,-18791.0,1.508,1.509,9892837888.0,14918399535,14918399535,2026-07-20,2026-07-20 16:11:47+08:00
159726,港股通高股息ETF华夏,1.333,1.3315,-0.11,0.036,2.78,127912.0,16968226.002,1.301,1.335,1.301,1.297,2.62,4.76,0.7,20.19,77620.0,50292.0,-105243.0,-0.62,99762.0,0.59,-205005.0,-1.21,-817308.0,-4.82,922553.0,5.44,-10.0,1.333,1.335,268911376.0,358458864,358458864,2026-07-20,2026-07-20 15:34:39+08:00
517550,沪港深消费龙头ETF招商,0.666,0.6677,0.25,0.018,2.78,81137.0,5352833.0,0.651,0.666,0.651,0.648,2.31,9.39,0.98,20.73,58115.0,23022.0,-775780.0,-14.49,604044.0,11.28,-1379824.0,-25.78,781531.0,14.6,-5750.0,-0.11,-400.0,0.665,0.666,86417400.0,57553988,57553988,2026-07-20,2026-07-20 16:11:53+08:00
159929,医药ETF汇添富,1.332,1.333,0.08,0.036,2.78,1018097.0,134019877.222,1.287,1.336,1.283,1.296,4.09,6.05,0.81,-96.37,589450.0,428647.0,14620559.0,10.91,4217543.0,3.15,10403016.0,7.76,-8036504.0,-6.0,-6584055.0,-4.91,2890.0,1.33,1.332,1681704208.0,2240030005,2240030005,2026-07-20,2026-07-20 15:34:45+08:00
510100,上证50ETF易方达,2.953,2.9598,0.23,0.08,2.78,1367747.0,401285282.0,2.882,2.956,2.882,2.873,2.58,12.26,0.86,27.57,647486.0,720261.0,31101689.0,7.75,-65570116.0,-16.34,96671805.0,24.09,-15047614.0,-3.75,-16054075.0,-4.0,-5094.0,2.953,2.954,1115606800.0,3294386880,3294386880,2026-07-20,2026-07-20 16:11:33+08:00
513130,恒生科技ETF华泰柏瑞,0.593,0.5934,0.07,0.016,2.77,77726179.0,4607428789.0,0.589,0.598,0.586,0.577,2.08,12.95,1.03,-39.7,40208331.0,37517848.0,142755024.0,3.1,161965920.0,3.52,-19210896.0,-0.42,-106043705.0,-2.3,-36711321.0,-0.8,-200642.0,0.592,0.593,60007346944.0,35584356738,35584356738,2026-07-20,2026-07-20 16:11:44+08:00
530000,上证50ETF天弘,1.371,1.3754,0.32,0.037,2.77,159033.0,21729303.0,1.347,1.4,1.347,1.334,3.97,1.45,0.44,-5.31,90344.0,68689.0,-8132563.0,-37.43,-2790371.0,-12.84,-5342192.0,-24.59,8004879.0,36.84,127685.0,0.59,-140.0,1.371,1.374,1099029408.0,1506769318,1506769318,2026-07-20,2026-07-20 16:11:55+08:00
159760,医疗健康ETF泰康,0.593,0.5923,-0.12,0.016,2.77,48258.0,2820613.3,0.576,0.594,0.571,0.577,3.99,3.44,1.06,53.62,23965.0,24293.0,-303672.0,-10.77,0.0,0.0,-303672.0,-10.77,250502.0,8.88,53171.0,1.89,116.0,0.592,0.593,140360223.0,83233612,83233612,2026-07-20,2026-07-20 15:34:42+08:00
159740,恒生科技ETF大成,0.593,0.5951,0.35,0.016,2.77,27917251.0,1656395240.342,0.588,0.599,0.587,0.577,2.08,10.08,1.04,-56.75,14346759.0,13570492.0,71428887.0,4.31,135885488.0,8.2,-64456601.0,-3.89,-53982940.0,-3.26,-17445959.0,-1.05,-205933.0,0.593,0.594,27703120384.0,16427950388,16427950388,2026-07-20,2026-07-20 15:34:42+08:00
513950,恒生红利ETF富国,1.269,1.2679,-0.09,0.034,2.75,322998.0,40703089.0,1.238,1.27,1.238,1.235,2.59,1.46,0.6,8.56,184032.0,138966.0,613355.0,1.51,2028777.0,4.98,-1415422.0,-3.48,1070587.0,2.63,-1683942.0,-4.14,-917.0,1.269,1.27,2214119008.0,2809717021,2809717021,2026-07-20,2026-07-20 16:11:49+08:00
159590,软件ETF汇添富,0.86,0.8596,-0.05,0.023,2.75,628617.0,53392632.0,0.849,0.86,0.836,0.837,2.87,9.12,1.26,-18.4,303796.0,324821.0,1744490.0,3.27,3025109.0,5.67,-1280619.0,-2.4,-1733522.0,-3.25,-10967.0,-0.02,3314.0,0.859,0.86,689361744.0,592851100,592851100,2026-07-20,2026-07-20 15:34:21+08:00
513260,恒生科技ETF汇添富,1.158,1.1577,-0.03,0.031,2.75,3958633.0,458257749.0,1.148,1.167,1.146,1.127,1.86,8.05,0.91,-30.44,2100739.0,1857894.0,17793861.0,3.88,14944552.0,3.26,2849309.0,0.62,-11031592.0,-2.41,-6762269.0,-1.48,-8364.0,1.158,1.159,4920242944.0,5697641329,5697641329,2026-07-20,2026-07-20 16:11:40+08:00
159515,国企红利ETF鹏扬,1.166,1.1626,-0.29,0.031,2.73,37538.0,4325077.6,1.137,1.166,1.136,1.135,2.64,9.53,1.64,27.68,22513.0,15025.0,522922.0,12.09,-57185.0,-1.32,580107.0,13.41,-437840.0,-10.12,-85083.0,-1.97,-1.0,1.166,1.167,39386631.0,45924812,45924812,2026-07-20,2026-07-20 15:34:30+08:00
159545,恒生红利低波ETF易方达,1.319,1.3174,-0.12,0.035,2.73,742240.0,97146768.7,1.293,1.319,1.291,1.284,2.18,1.49,0.64,45.81,405969.0,336271.0,5246222.0,5.4,5093824.0,5.24,152398.0,0.16,-2014260.0,-2.07,-3231963.0,-3.33,2472.0,1.318,1.319,4979803648.0,6568361012,6568361012,2026-07-20,2026-07-20 15:34:45+08:00
513180,恒生科技ETF华夏,0.602,0.6021,0.02,0.016,2.73,74228210.0,4468900208.0,0.598,0.607,0.596,0.586,1.88,10.63,0.96,-46.01,38848610.0,35379600.0,91238656.0,2.04,86063552.0,1.93,5175104.0,0.12,-78956799.0,-1.77,-12281856.0,-0.27,-273240.0,0.602,0.603,69827760128.0,42036311597,42036311597,2026-07-20,2026-07-20 16:11:54+08:00
