代码,名称,最新价,IOPV实时估值,基金折价率,涨跌额,涨跌幅,成交量,成交额,开盘价,最高价,最低价,昨收,振幅,换手率,量比,委比,外盘,内盘,主力净流入-净额,主力净流入-净占比,超大单净流入-净额,超大单净流入-净占比,大单净流入-净额,大单净流入-净占比,中单净流入-净额,中单净流入-净占比,小单净流入-净额,小单净流入-净占比,现手,买一,卖一,最新份额,流通市值,总市值,数据日期,更新时间
513770,港股互联网ETF华宝,0.379,0.3784,-0.16,0.016,4.41,33088257.0,1252651001.0,0.367,0.384,0.367,0.363,4.68,23.04,1.45,-2.87,18070747.0,15017511.0,-3245456.0,-0.26,15453152.0,1.23,-18698608.0,-1.49,2587953.0,0.21,657495.0,0.05,-71842.0,0.379,0.38,14359137792.0,5442113223,5442113223,2026-07-16,2026-07-16 16:11:46+08:00
159121,港股通汽车ETF易方达,0.78,0.7799,-0.01,0.031,4.14,638916.0,49336937.443,0.754,0.783,0.753,0.749,4.01,50.92,1.23,48.21,360153.0,278763.0,780276.0,1.58,1896226.0,3.84,-1115950.0,-2.26,-680144.0,-1.38,-100131.0,-0.2,3287.0,0.779,0.78,125481127.0,97875279,97875279,2026-07-16,2026-07-16 15:34:03+08:00
159568,港股互联网ETF博时,1.221,1.2122,-0.73,0.048,4.09,2125557.0,258073041.1,1.182,1.231,1.173,1.173,4.94,63.48,1.31,65.87,1087342.0,1038215.0,-2810085.0,-1.09,-1895050.0,-0.73,-915035.0,-0.35,5926923.0,2.3,-3116838.0,-1.21,3082.0,1.218,1.221,334857904.0,408861501,408861501,2026-07-16,2026-07-16 15:34:33+08:00
516620,影视ETF国泰,0.853,0.8478,-0.61,0.033,4.02,824140.0,69470054.0,0.821,0.855,0.814,0.82,5.0,41.36,1.32,6.41,418340.0,405800.0,-7598903.0,-10.94,-3537767.0,-5.09,-4061136.0,-5.85,3897841.0,5.61,3701061.0,5.33,-15886.0,0.853,0.854,199267500.0,169975178,169975178,2026-07-16,2026-07-16 16:11:44+08:00
520910,港股通互联网ETF华夏,0.678,0.6771,-0.13,0.026,3.99,1659926.0,112486019.0,0.658,0.686,0.658,0.652,4.29,22.18,1.41,6.89,835135.0,824791.0,3198501.0,2.84,6008240.0,5.34,-2809739.0,-2.5,-2745469.0,-2.44,-453032.0,-0.4,-2739.0,0.677,0.678,748445008.0,507445715,507445715,2026-07-16,2026-07-16 16:12:00+08:00
159550,互联网ETF东财,0.839,0.8335,-0.66,0.03,3.71,211452.0,17642193.0,0.817,0.847,0.817,0.809,3.71,11.14,1.95,45.97,113922.0,97530.0,-3263346.0,-18.5,-919504.0,-5.21,-2343842.0,-13.29,3312837.0,18.78,-49490.0,-0.28,-1435.0,0.839,0.84,189828785.0,159266351,159266351,2026-07-16,2026-07-16 15:34:00+08:00
520730,港股通汽车ETF万家,0.816,0.8158,-0.02,0.029,3.68,67476.0,5469875.0,0.801,0.823,0.794,0.787,3.68,5.42,2.31,15.7,35034.0,32442.0,355734.0,6.5,0.0,0.0,355734.0,6.5,-76248.0,-1.39,-279486.0,-5.11,2884.0,0.816,0.818,124394400.0,101505830,101505830,2026-07-16,2026-07-16 16:11:48+08:00
159239,港股通汽车ETF富国,0.818,0.8197,0.21,0.029,3.68,262240.0,21327481.8,0.79,0.824,0.79,0.789,4.31,36.79,2.42,38.49,135323.0,126917.0,150298.0,0.7,-696791.0,-3.27,847089.0,3.97,57459.0,0.27,-207757.0,-0.97,2833.0,0.817,0.818,71280753.0,58307656,58307656,2026-07-16,2026-07-16 15:34:00+08:00
520630,港股通互联网ETF广发,0.708,0.7092,0.17,0.025,3.66,2321691.0,165916741.0,0.689,0.749,0.689,0.683,8.78,52.16,4.07,-19.45,1126993.0,1194698.0,-10579011.0,-6.38,-20251029.0,-12.21,9672018.0,5.83,5661889.0,3.41,4917122.0,2.96,-8215.0,0.707,0.708,445110000.0,315137880,315137880,2026-07-16,2026-07-16 16:11:38+08:00
513040,港股通互联网ETF易方达,0.995,0.9942,-0.08,0.035,3.65,14483745.0,1444745482.0,0.971,1.011,0.97,0.96,4.27,22.4,1.34,-27.47,7261376.0,7222369.0,-4032384.0,-0.28,-975824.0,-0.07,-3056560.0,-0.21,3227808.0,0.22,804583.0,0.06,-42487.0,0.995,0.996,6467341312.0,6435004605,6435004605,2026-07-16,2026-07-16 16:11:46+08:00
159793,线上消费ETF平安,0.832,0.8278,-0.51,0.029,3.61,46065.0,3812490.0,0.811,0.838,0.811,0.803,3.36,12.2,2.38,48.64,24326.0,21739.0,-1510515.0,-39.62,-479231.0,-12.57,-1031284.0,-27.05,1030711.0,27.04,479805.0,12.59,-70.0,0.832,0.833,37758908.0,31415411,31415411,2026-07-16,2026-07-16 15:34:24+08:00
159028,港股汽车ETF天弘,0.806,0.8108,0.59,0.028,3.6,103452.0,8303947.975,0.781,0.812,0.781,0.778,3.98,8.18,3.42,-57.87,54814.0,48637.0,738844.0,8.9,465270.0,5.6,273574.0,3.29,-570404.0,-6.87,-168441.0,-2.03,202.0,0.804,0.806,126449016.0,101917907,101917907,2026-07-16,2026-07-16 15:34:36+08:00
520650,港股通互联网ETF南方,0.639,0.6402,0.19,0.022,3.57,5628280.0,361578129.0,0.626,0.671,0.625,0.617,7.46,28.68,2.01,-2.66,2474541.0,3153739.0,-10301343.0,-2.85,-40514623.0,-11.2,30213280.0,8.36,7638990.0,2.11,2662353.0,0.74,-4391.0,0.638,0.639,1962255008.0,1253880950,1253880950,2026-07-16,2026-07-16 16:11:55+08:00
159855,影视ETF银华,0.759,0.7556,-0.45,0.026,3.55,444435.0,33437619.0,0.731,0.764,0.728,0.733,4.91,23.28,1.48,4.23,258382.0,186053.0,-3045428.0,-9.11,-4077749.0,-12.2,1032321.0,3.09,2365841.0,7.08,679587.0,2.03,-5092.0,0.759,0.76,190925236.0,144912254,144912254,2026-07-16,2026-07-16 15:34:54+08:00
520790,港股通互联网ETF兴业,0.883,0.8831,0.01,0.03,3.52,386424.0,34148716.0,0.861,0.895,0.861,0.853,3.99,9.16,0.69,-5.48,185940.0,200484.0,-1075792.0,-3.15,-618227.0,-1.81,-457565.0,-1.34,1341408.0,3.93,-265616.0,-0.78,-938.0,0.882,0.883,422075008.0,372692232,372692232,2026-07-16,2026-07-16 16:11:36+08:00
159186,港股通汽车ETF鹏华,0.779,0.7839,0.63,0.026,3.45,39161.0,3039117.48,0.763,0.786,0.746,0.753,5.31,4.46,1.37,32.68,25520.0,13641.0,-93559.0,-3.08,23333.0,0.77,-116892.0,-3.85,175768.0,5.78,-82209.0,-2.71,-10.0,0.779,0.78,87869245.0,68450142,68450142,2026-07-16,2026-07-16 15:34:48+08:00
159040,港股通互联网ETF鹏华,1.15,1.1574,0.64,0.038,3.42,356802.0,41210605.117,1.124,1.17,1.124,1.112,4.14,52.1,1.9,-64.4,188288.0,168515.0,-424078.0,-1.03,156349.0,0.38,-580427.0,-1.41,96194.0,0.23,327884.0,0.8,-10064.0,1.15,1.151,68481087.0,78753250,78753250,2026-07-16,2026-07-16 15:34:48+08:00
159280,港股通互联网ETF汇添富,0.727,0.7266,-0.06,0.024,3.41,425887.0,30940942.6,0.714,0.737,0.71,0.703,3.84,43.14,1.21,-14.59,217443.0,208444.0,399302.0,1.29,1638230.0,5.29,-1238928.0,-4.0,-407821.0,-1.32,8519.0,0.03,-810.0,0.727,0.728,98717171.0,71767383,71767383,2026-07-16,2026-07-16 15:34:48+08:00
513720,港股互联网ETF国泰,0.698,0.6998,0.26,0.023,3.41,1574885.0,110434577.0,0.69,0.743,0.689,0.675,8.0,68.52,3.12,-21.16,754610.0,820275.0,-2214068.0,-2.0,-2127197.0,-1.93,-86871.0,-0.08,333636.0,0.3,1880432.0,1.7,-5120.0,0.698,0.699,229859000.0,160441582,160441582,2026-07-16,2026-07-16 16:12:01+08:00
159202,恒生互联网ETF万家,0.859,0.8561,-0.34,0.028,3.37,4386573.0,377258696.1,0.84,0.871,0.835,0.831,4.33,39.65,1.52,-16.46,2155481.0,2231092.0,7733927.0,2.05,-11644375.0,-3.09,19378302.0,5.14,-5655746.0,-1.5,-2078181.0,-0.55,-6979.0,0.859,0.86,1106401904.0,950399236,950399236,2026-07-16,2026-07-16 15:34:36+08:00
159792,港股通互联网ETF富国,0.619,0.6168,-0.36,0.02,3.34,85208624.0,5285497436.881,0.604,0.629,0.603,0.599,4.34,12.81,1.4,-20.49,43372303.0,41836321.0,-332644224.0,-6.29,-639671696.0,-12.1,307027472.0,5.81,327746256.0,6.2,4897944.0,0.09,190574.0,0.618,0.619,66519855360.0,41175790468,41175790468,2026-07-16,2026-07-16 15:34:51+08:00
517770,游戏传媒ETF浦银,0.926,0.923,-0.33,0.028,3.12,229068.0,21072416.0,0.902,0.933,0.9,0.898,3.67,14.6,2.05,57.08,123063.0,106005.0,-2667764.0,-12.66,-1804608.0,-8.56,-863156.0,-4.1,2292628.0,10.88,375135.0,1.78,-2928.0,0.926,0.927,156947800.0,145333663,145333663,2026-07-16,2026-07-16 16:11:33+08:00
520780,港股通汽车ETF华宝,0.863,0.8631,0.01,0.026,3.11,272896.0,23450151.0,0.839,0.869,0.839,0.837,3.58,67.45,0.91,5.62,137405.0,135491.0,157954.0,0.67,-1235720.0,-5.27,1393674.0,5.94,-112006.0,-0.48,-45948.0,-0.2,-100.0,0.862,0.863,40460000.0,34916980,34916980,2026-07-16,2026-07-16 16:11:42+08:00
517550,沪港深消费龙头ETF招商,0.666,0.6605,-0.83,0.02,3.1,166954.0,10975837.0,0.647,0.666,0.647,0.646,2.94,18.99,2.37,61.31,105477.0,61477.0,-535069.0,-4.87,400008.0,3.64,-935077.0,-8.52,476588.0,4.34,58480.0,0.53,-4766.0,0.666,0.667,87917400.0,58552988,58552988,2026-07-16,2026-07-16 16:11:45+08:00
159210,港股通汽车ETF汇添富,0.873,0.8755,0.29,0.026,3.07,393846.0,34308030.2,0.855,0.879,0.853,0.847,3.07,111.41,0.94,18.62,203946.0,189900.0,877971.0,2.56,6298.0,0.02,871673.0,2.54,-839096.0,-2.45,-38875.0,-0.11,-201.0,0.873,0.874,35349802.0,30860377,30860377,2026-07-16,2026-07-16 15:34:39+08:00
159179,港股通互联网ETF工银,0.885,0.8824,-0.29,0.026,3.03,521235.0,46077877.3,0.868,0.895,0.863,0.859,3.73,52.17,0.91,-25.78,259087.0,262148.0,1177123.0,2.55,-1444918.0,-3.14,2622041.0,5.69,-931336.0,-2.02,-245787.0,-0.53,349.0,0.884,0.885,99903568.0,88414658,88414658,2026-07-16,2026-07-16 15:34:54+08:00
520720,港股汽车ETF国泰,0.785,0.786,0.13,0.023,3.02,336224.0,26369450.0,0.761,0.791,0.761,0.762,3.94,26.91,0.89,30.08,189304.0,146920.0,860567.0,3.26,63448.0,0.24,797119.0,3.02,-536291.0,-2.03,-324277.0,-1.23,-1259.0,0.784,0.785,124942000.0,98079470,98079470,2026-07-16,2026-07-16 16:12:02+08:00
159170,港股通互联网ETF永赢,0.883,0.8836,0.07,0.025,2.91,1188661.0,105140777.544,0.865,0.896,0.863,0.858,3.85,30.27,1.09,44.22,568169.0,620492.0,1021488.0,0.97,-4069893.0,-3.87,5091381.0,4.84,-690747.0,-0.66,-330741.0,-0.31,-137.0,0.883,0.886,392638352.0,346699665,346699665,2026-07-16,2026-07-16 15:34:42+08:00
520600,港股通汽车ETF广发,1.066,1.0682,0.21,0.03,2.9,1822068.0,193325405.0,1.037,1.073,1.037,1.036,3.47,54.99,0.84,22.82,965693.0,856375.0,5680062.0,2.94,-1556593.0,-0.81,7236655.0,3.74,-3789403.0,-1.96,-1890660.0,-0.98,-5524.0,1.066,1.067,331368000.0,353238288,353238288,2026-07-16,2026-07-16 16:11:49+08:00
517200,互联网ETF嘉实,0.611,0.612,0.16,0.017,2.86,65676.0,3987651.0,0.596,0.617,0.594,0.594,3.87,4.6,1.36,11.03,46853.0,18823.0,49026.0,1.23,304500.0,7.64,-255474.0,-6.41,64407.0,1.62,-113433.0,-2.84,-159.0,0.611,0.612,142782000.0,87239802,87239802,2026-07-16,2026-07-16 16:11:58+08:00
513330,恒生互联网ETF华夏,0.398,0.3985,0.13,0.011,2.84,85106853.0,3392358325.0,0.39,0.404,0.39,0.387,3.62,11.94,1.11,-5.59,46383619.0,38723235.0,111135216.0,3.28,195922272.0,5.78,-84787056.0,-2.5,-82314464.0,-2.43,-28820750.0,-0.85,-811422.0,0.397,0.398,71295479808.0,28375600964,28375600964,2026-07-16,2026-07-16 16:11:56+08:00
159607,中概互联网ETF嘉实,0.837,0.818,-2.32,0.023,2.83,3521252.0,295235899.919,0.823,0.848,0.823,0.814,3.07,29.03,1.22,36.32,1708959.0,1812293.0,11872766.0,4.02,7298219.0,2.47,4574547.0,1.55,-8411972.0,-2.85,-3460794.0,-1.17,7619.0,0.836,0.837,1212829136.0,1015137987,1015137987,2026-07-16,2026-07-16 15:34:51+08:00
159323,港股通汽车ETF华夏,1.093,1.097,0.36,0.029,2.73,1733098.0,188889455.3,1.07,1.102,1.067,1.064,3.29,178.49,1.1,17.48,885360.0,847738.0,3771683.0,2.0,-5539716.0,-2.93,9311399.0,4.93,-2796752.0,-1.48,-974931.0,-0.52,-2407.0,1.093,1.094,97097378.0,106127434,106127434,2026-07-16,2026-07-16 15:34:54+08:00
159191,港股通科技ETF易方达,0.957,0.9537,-0.35,0.025,2.68,84283.0,8034106.314,0.933,0.967,0.933,0.932,3.65,11.53,0.89,-9.05,45401.0,38882.0,271049.0,3.37,0.0,0.0,271049.0,3.37,-1791.0,-0.02,-269259.0,-3.35,311.0,0.953,0.957,73104851.0,69961342,69961342,2026-07-16,2026-07-16 15:34:27+08:00
159688,恒生互联网ETF华安,0.808,0.8111,0.38,0.021,2.67,2969536.0,240500121.3,0.791,0.82,0.791,0.787,3.68,21.62,1.2,26.72,1493286.0,1476250.0,9149791.0,3.8,1516867.0,0.63,7632924.0,3.17,-6972540.0,-2.9,-2177251.0,-0.91,12693.0,0.807,0.808,1373278480.0,1109609012,1109609012,2026-07-16,2026-07-16 15:34:15+08:00
520680,港股通汽车ETF南方,0.855,0.8584,0.4,0.022,2.64,118778.0,10162374.0,0.839,0.862,0.839,0.833,2.76,17.37,1.18,-7.7,65080.0,53698.0,-95399.0,-0.94,0.0,0.0,-95399.0,-0.94,85896.0,0.85,9504.0,0.09,-20.0,0.853,0.855,68369000.0,58455495,58455495,2026-07-16,2026-07-16 16:11:33+08:00
159237,港股汽车ETF工银,0.904,0.9098,0.64,0.023,2.61,288334.0,26062271.4,0.885,0.914,0.885,0.881,3.29,101.76,1.18,82.56,145637.0,142697.0,437173.0,1.68,-852989.0,-3.27,1290162.0,4.95,-429035.0,-1.65,-8138.0,-0.03,-18.0,0.904,0.906,28334226.0,25614140,25614140,2026-07-16,2026-07-16 15:34:54+08:00
159605,中概互联ETF广发,0.839,0.8191,-2.43,0.021,2.57,6706889.0,563812617.975,0.826,0.851,0.825,0.818,3.18,15.2,1.06,2.14,3306863.0,3400027.0,32729979.0,5.81,62060248.0,11.01,-29330269.0,-5.2,-23657400.0,-4.2,-9072577.0,-1.61,-7323.0,0.839,0.84,4413486080.0,3702914821,3702914821,2026-07-16,2026-07-16 15:34:27+08:00
159856,互联网龙头ETF工银,0.605,0.6061,0.18,0.015,2.54,98114.0,5927460.6,0.59,0.611,0.59,0.59,3.56,2.77,1.43,-6.64,59077.0,39037.0,-249411.0,-4.21,0.0,0.0,-249411.0,-4.21,299520.0,5.05,-50109.0,-0.85,-325.0,0.605,0.606,354372480.0,214395350,214395350,2026-07-16,2026-07-16 15:34:51+08:00
517050,互联网ETF华泰柏瑞,0.69,0.6928,0.4,0.017,2.53,73476.0,5048518.0,0.673,0.697,0.667,0.673,4.46,2.11,1.46,11.82,43785.0,29691.0,400756.0,7.94,64583.0,1.28,336173.0,6.66,-276646.0,-5.48,-124109.0,-2.46,2426.0,0.691,0.692,347605008.0,239847456,239847456,2026-07-16,2026-07-16 16:11:36+08:00
159020,养殖ETF易方达,0.917,0.9131,-0.43,0.022,2.46,238669.0,21746581.824,0.897,0.918,0.896,0.895,2.46,17.1,1.64,30.53,145381.0,93288.0,-3314442.0,-15.24,-3450543.0,-15.87,136101.0,0.63,1499061.0,6.89,1815381.0,8.35,8865.0,0.916,0.917,139567082.0,127983014,127983014,2026-07-16,2026-07-16 15:34:27+08:00
159729,互联网ETF汇添富,0.719,0.7227,0.51,0.017,2.42,12139.0,871504.9,0.705,0.76,0.703,0.702,8.12,1.82,0.9,86.86,7668.0,4471.0,-80201.0,-9.2,0.0,0.0,-80201.0,-9.2,101127.0,11.6,-20927.0,-2.4,-37.0,0.719,0.72,66760633.0,48000895,48000895,2026-07-16,2026-07-16 15:34:00+08:00
159165,养殖ETF永赢,0.875,0.8721,-0.33,0.02,2.34,141982.0,12336403.58,0.855,0.877,0.849,0.855,3.27,12.5,1.6,78.05,76354.0,65628.0,164159.0,1.33,-266293.0,-2.16,430452.0,3.49,-324278.0,-2.63,160119.0,1.3,521.0,0.874,0.875,113571257.0,99374850,99374850,2026-07-16,2026-07-16 15:34:36+08:00
159728,在线消费ETF南方,0.789,0.7857,-0.42,0.018,2.33,96218.0,7574342.2,0.772,0.795,0.764,0.771,4.02,22.16,0.99,26.17,45977.0,50241.0,-200498.0,-2.65,0.0,0.0,-200498.0,-2.65,-54604.0,-0.72,255103.0,3.37,12.0,0.784,0.789,43410129.0,34250592,34250592,2026-07-16,2026-07-16 15:34:57+08:00
159172,养殖ETF汇添富,0.841,0.8386,-0.29,0.019,2.31,316579.0,26475765.31,0.823,0.843,0.821,0.822,2.68,8.16,1.91,8.72,192767.0,123812.0,-2233244.0,-8.44,-3942669.0,-14.89,1709425.0,6.46,742839.0,2.81,1490405.0,5.63,1669.0,0.84,0.841,387829296.0,326164438,326164438,2026-07-16,2026-07-16 15:34:48+08:00
159750,港股科技50ETF招商,0.897,0.9006,0.4,0.02,2.28,1646494.0,148295806.6,0.889,0.909,0.884,0.877,2.85,12.68,1.2,5.83,860834.0,785660.0,3935150.0,2.65,6210552.0,4.19,-2275402.0,-1.53,-3523547.0,-2.38,-411603.0,-0.28,2064.0,0.896,0.897,1298618256.0,1164860576,1164860576,2026-07-16,2026-07-16 15:34:18+08:00
513220,中概互联ETF招商,0.989,0.9686,-2.11,0.022,2.28,780227.0,77217452.0,0.973,1.0,0.973,0.967,2.79,14.31,1.31,-30.23,391011.0,389216.0,2727280.0,3.53,-457696.0,-0.59,3184976.0,4.12,-856814.0,-1.11,-1870466.0,-2.42,-11676.0,0.988,0.989,545109408.0,539113205,539113205,2026-07-16,2026-07-16 16:11:40+08:00
512450,畜牧养殖ETF广发,0.902,0.8999,-0.23,0.02,2.27,99077.0,8863534.0,0.882,0.905,0.878,0.882,3.06,8.44,1.37,-15.11,61831.0,37246.0,-1224066.0,-13.81,-752502.0,-8.49,-471564.0,-5.32,665462.0,7.51,558604.0,6.3,-1738.0,0.901,0.902,117367000.0,105865034,105865034,2026-07-16,2026-07-16 16:11:50+08:00
159636,港股通科技30ETF工银,0.543,0.5424,-0.11,0.012,2.26,11577241.0,628605963.127,0.533,0.55,0.533,0.531,3.2,4.43,0.78,-35.92,5737210.0,5840031.0,-3184036.0,-0.51,8650288.0,1.38,-11834324.0,-1.88,2697486.0,0.43,486544.0,0.08,82883.0,0.542,0.543,26152501248.0,14200808178,14200808178,2026-07-16,2026-07-16 15:34:06+08:00
513050,中概互联网ETF易方达,1.145,1.1135,-2.83,0.025,2.23,36470624.0,4186472365.0,1.136,1.162,1.134,1.12,2.5,10.79,1.04,3.59,18502077.0,17968547.0,-29094800.0,-0.69,-28399024.0,-0.68,-695776.0,-0.02,21926608.0,0.52,7168212.0,0.17,-177084.0,1.144,1.145,33809432832.0,38711800593,38711800593,2026-07-16,2026-07-16 16:11:42+08:00
520520,恒生消费ETF华泰柏瑞,0.963,0.9615,-0.16,0.021,2.23,109677.0,10548080.0,0.947,0.969,0.947,0.942,2.34,20.85,1.61,-0.05,57261.0,52416.0,331092.0,3.14,923820.0,8.76,-592728.0,-5.62,-395389.0,-3.75,64296.0,0.61,-60.0,0.961,0.963,52606000.0,50659578,50659578,2026-07-16,2026-07-16 16:11:44+08:00
513320,港股通新经济ETF易方达,1.113,1.1127,-0.03,0.024,2.2,242728.0,27089725.0,1.093,1.126,1.093,1.089,3.03,21.87,0.93,1.42,126446.0,116282.0,1668913.0,6.16,2622555.0,9.68,-953642.0,-3.52,-1086075.0,-4.01,-582838.0,-2.15,-556.0,1.112,1.113,111010600.0,123554798,123554798,2026-07-16,2026-07-16 16:12:02+08:00
560080,中药ETF汇添富,1.03,1.0241,-0.58,0.022,2.18,1682534.0,170669155.0,1.0,1.035,0.982,1.008,5.26,6.24,1.15,-46.11,914302.0,768232.0,11126264.0,6.52,-6177715.0,-3.62,17303979.0,10.14,-3798259.0,-2.23,-7328006.0,-4.29,-25740.0,1.03,1.031,2695265008.0,2776122958,2776122958,2026-07-16,2026-07-16 16:11:39+08:00
159128,港股科技ETF天弘,0.754,0.7542,0.03,0.016,2.17,1152397.0,87238134.586,0.74,0.764,0.74,0.738,3.25,5.92,0.82,-6.09,591398.0,560999.0,2888282.0,3.31,663612.0,0.76,2224670.0,2.55,-2066464.0,-2.37,-821819.0,-0.94,985.0,0.753,0.754,1947760848.0,1468611679,1468611679,2026-07-16,2026-07-16 15:34:15+08:00
159647,中药ETF鹏华,0.957,0.9522,-0.5,0.02,2.13,760108.0,71572408.6,0.929,0.962,0.914,0.937,5.12,4.91,1.49,-73.28,382834.0,377274.0,3727967.0,5.21,1174776.0,1.64,2553191.0,3.57,-1848082.0,-2.58,-1879886.0,-2.63,-9307.0,0.957,0.958,1549461760.0,1482834904,1482834904,2026-07-16,2026-07-16 15:34:24+08:00
159101,港股通科技ETF华夏,0.767,0.7685,0.2,0.016,2.13,4204096.0,324018803.041,0.758,0.779,0.752,0.751,3.6,13.79,1.01,53.05,2139610.0,2064486.0,8048389.0,2.48,1451890.0,0.45,6596499.0,2.04,-5028775.0,-1.55,-3019616.0,-0.93,-4895.0,0.767,0.768,3048311456.0,2338054887,2338054887,2026-07-16,2026-07-16 15:34:48+08:00
159007,养殖ETF华泰柏瑞,0.886,0.8833,-0.31,0.018,2.07,255170.0,22464521.58,0.868,0.888,0.865,0.868,2.65,13.05,1.16,-53.2,143919.0,111251.0,-241314.0,-1.07,-875773.0,-3.9,634459.0,2.82,189549.0,0.84,51765.0,0.23,-291.0,0.886,0.887,195603274.0,173304501,173304501,2026-07-16,2026-07-16 15:34:21+08:00
159251,港股通科技ETF万家,0.798,0.7991,0.14,0.016,2.05,255047.0,20433811.0,0.785,0.811,0.785,0.782,3.32,10.59,1.07,-16.91,138393.0,116654.0,1615253.0,7.9,-800000.0,-3.92,2415253.0,11.82,-1454609.0,-7.12,-160644.0,-0.79,155.0,0.797,0.798,240787744.0,192148620,192148620,2026-07-16,2026-07-16 15:34:09+08:00
520670,港股通科技ETF嘉实,0.812,0.8103,-0.21,0.016,2.01,374307.0,30533137.0,0.803,0.824,0.798,0.796,3.27,16.46,0.82,21.43,194902.0,179405.0,2224665.0,7.29,125297.0,0.41,2099368.0,6.88,-1973878.0,-6.46,-250788.0,-0.82,-225.0,0.812,0.813,227428100.0,184671617,184671617,2026-07-16,2026-07-16 16:11:34+08:00
159023,养殖ETF万家,1.072,1.0733,0.12,0.021,2.0,172661.0,18430289.372,1.052,1.078,1.052,1.051,2.47,36.14,1.67,-28.43,89773.0,82887.0,-737542.0,-4.0,-1058711.0,-5.74,321169.0,1.74,383749.0,2.08,353793.0,1.92,-5.0,1.072,1.073,47777943.0,51217955,51217955,2026-07-16,2026-07-16 15:34:27+08:00
159265,港股消费ETF鹏华,0.823,0.8201,-0.35,0.016,1.98,250378.0,20470090.1,0.815,0.826,0.811,0.807,1.86,13.76,1.27,31.32,126701.0,123677.0,1302402.0,6.36,46608.0,0.23,1255794.0,6.13,-1222739.0,-5.97,-79663.0,-0.39,4333.0,0.82,0.823,181950894.0,149745586,149745586,2026-07-16,2026-07-16 15:34:21+08:00
561470,畜牧养殖ETF天弘,1.035,1.038,0.29,0.02,1.97,245652.0,25371231.0,1.025,1.048,1.015,1.015,3.25,17.31,0.77,-5.33,152680.0,92972.0,4412155.0,17.39,5649662.0,22.27,-1237507.0,-4.88,-4239245.0,-16.71,-172910.0,-0.68,-50.0,1.035,1.036,141936000.0,146903760,146903760,2026-07-16,2026-07-16 16:11:44+08:00
159707,地产ETF华宝,0.466,0.465,-0.22,0.009,1.97,1645665.0,75711089.7,0.454,0.466,0.452,0.457,3.06,13.55,0.96,-19.65,841904.0,803761.0,-226383.0,-0.3,-2235474.0,-2.95,2009091.0,2.65,273270.0,0.36,-46888.0,-0.06,9824.0,0.465,0.466,1214548208.0,565979465,565979465,2026-07-16,2026-07-16 15:34:54+08:00
159768,房地产ETF银华,0.417,0.4168,-0.05,0.008,1.96,954674.0,39323581.6,0.408,0.417,0.405,0.409,2.93,11.25,0.85,11.27,453560.0,501114.0,-396291.0,-1.01,704462.0,1.79,-1100753.0,-2.8,248128.0,0.63,148163.0,0.38,-5659.0,0.417,0.418,848450304.0,353803777,353803777,2026-07-16,2026-07-16 15:34:00+08:00
159275,农牧渔ETF华宝,0.837,0.8373,0.04,0.016,1.95,174164.0,14514184.3,0.825,0.842,0.821,0.821,2.56,6.59,1.03,-66.47,84718.0,89446.0,14024.0,0.1,0.0,0.0,14024.0,0.1,332046.0,2.29,-346070.0,-2.38,-1337.0,0.837,0.84,264302909.0,221221535,221221535,2026-07-16,2026-07-16 15:34:12+08:00
159041,农业ETF鹏华,0.997,0.9903,-0.68,0.019,1.94,78090.0,7724258.105,0.985,1.001,0.979,0.978,2.25,5.41,2.15,-90.57,51771.0,26319.0,483522.0,6.26,1638788.0,21.22,-1155266.0,-14.96,-460628.0,-5.96,-22893.0,-0.3,100.0,0.98,0.997,144471832.0,144038417,144038417,2026-07-16,2026-07-16 15:34:36+08:00
159805,传媒ETF鹏华,1.159,1.1548,-0.36,0.022,1.93,319082.0,36821289.4,1.136,1.169,1.123,1.137,4.05,12.79,0.89,86.36,175407.0,143675.0,-1249566.0,-3.39,1366706.0,3.71,-2616272.0,-7.11,478057.0,1.3,771508.0,2.1,-4870.0,1.159,1.16,249452480.0,289115424,289115424,2026-07-16,2026-07-16 15:34:57+08:00
159125,港股通科技ETF招商,0.742,0.7448,0.38,0.014,1.92,751030.0,56196826.982,0.725,0.754,0.72,0.728,4.67,8.51,1.09,86.84,377081.0,373949.0,1814013.0,3.23,3437686.0,6.12,-1623673.0,-2.89,-2019185.0,-3.59,205172.0,0.37,-10.0,0.742,0.743,882245888.0,654626449,654626449,2026-07-16,2026-07-16 15:34:09+08:00
159027,畜牧养殖ETF大成,0.914,0.9135,-0.05,0.017,1.9,127031.0,11576436.667,0.896,0.918,0.895,0.897,2.56,9.81,1.17,85.39,62613.0,64418.0,107215.0,0.93,-638267.0,-5.51,745482.0,6.44,52431.0,0.45,-159645.0,-1.38,-328.0,0.914,0.915,129472283.0,118337667,118337667,2026-07-16,2026-07-16 15:34:21+08:00
520860,港股通科技ETF富国,0.81,0.8108,0.1,0.015,1.89,870016.0,70857771.0,0.8,0.822,0.8,0.795,2.77,24.91,0.96,5.17,402854.0,467162.0,1438157.0,2.03,3182761.0,4.49,-1744604.0,-2.46,-1113422.0,-1.57,-324736.0,-0.46,-534.0,0.81,0.811,349195008.0,282847956,282847956,2026-07-16,2026-07-16 16:11:56+08:00
516000,大数据ETF华夏,0.981,0.9773,-0.38,0.018,1.87,798373.0,78601202.0,0.95,1.002,0.944,0.963,6.02,16.64,0.9,6.29,391269.0,407104.0,-9880918.0,-12.57,-10679874.0,-13.59,798956.0,1.02,6075592.0,7.73,3805326.0,4.84,-5494.0,0.98,0.981,479855008.0,470737763,470737763,2026-07-16,2026-07-16 16:11:37+08:00
159865,养殖ETF国泰,0.544,0.5425,-0.28,0.01,1.87,6441923.0,348170896.353,0.532,0.546,0.532,0.534,2.62,5.4,1.47,-42.65,3307169.0,3134754.0,-9672473.0,-2.78,-25461363.0,-7.31,15788890.0,4.53,10062013.0,2.89,-389540.0,-0.11,31678.0,0.543,0.544,11924455680.0,6486903890,6486903890,2026-07-16,2026-07-16 15:34:03+08:00
562390,中药ETF银华,0.936,0.9325,-0.38,0.017,1.85,171520.0,15805269.0,0.912,0.944,0.894,0.919,5.44,15.67,1.01,-2.65,94917.0,76603.0,958571.0,6.06,1964708.0,12.43,-1006137.0,-6.37,-9570.0,-0.06,-949001.0,-6.0,-3030.0,0.936,0.938,109429000.0,102425544,102425544,2026-07-16,2026-07-16 16:12:01+08:00
516700,大数据ETF华宝,0.937,0.9316,-0.58,0.017,1.85,261439.0,24504699.0,0.91,0.957,0.907,0.92,5.43,12.71,0.56,-10.62,153237.0,108202.0,-52546.0,-0.21,860103.0,3.51,-912649.0,-3.72,903211.0,3.69,-850665.0,-3.47,-1110.0,0.937,0.938,205622000.0,192667814,192667814,2026-07-16,2026-07-16 16:11:56+08:00
159740,恒生科技ETF大成,0.605,0.6067,0.28,0.011,1.85,28503385.0,1728404577.887,0.593,0.613,0.593,0.594,3.37,10.25,1.05,-5.55,14736270.0,13767115.0,46857584.0,2.71,92306240.0,5.34,-45448656.0,-2.63,-34358843.0,-1.99,-12498732.0,-0.72,346159.0,0.604,0.605,27803120384.0,16820887832,16820887832,2026-07-16,2026-07-16 15:34:06+08:00
513890,恒生科技ETF摩根,0.938,0.9384,0.04,0.017,1.85,825102.0,77602245.0,0.926,0.95,0.921,0.921,3.15,9.17,0.73,-3.42,429060.0,396042.0,1877858.0,2.42,1151836.0,1.48,726022.0,0.94,-8323.0,-0.01,-1869536.0,-2.41,-850.0,0.938,0.939,900128000.0,844320064,844320064,2026-07-16,2026-07-16 16:11:50+08:00
520590,恒生科技ETF鹏华,0.829,0.8284,-0.07,0.015,1.84,360813.0,29983397.0,0.816,0.841,0.816,0.814,3.07,17.16,1.26,34.91,164092.0,196721.0,462788.0,1.54,-262504.0,-0.88,725292.0,2.42,-668380.0,-2.23,205592.0,0.69,-1810.0,0.828,0.829,210235000.0,174284815,174284815,2026-07-16,2026-07-16 16:11:44+08:00
561510,中药ETF华泰柏瑞,1.0,0.996,-0.4,0.018,1.83,126948.0,12516751.0,0.974,1.01,0.956,0.982,5.5,17.34,1.51,11.88,59013.0,67935.0,-1274464.0,-10.18,471093.0,3.76,-1745557.0,-13.95,1162345.0,9.29,112119.0,0.9,-4563.0,0.999,1.0,73206000.0,73206000,73206000,2026-07-16,2026-07-16 16:11:55+08:00
159120,港股通科技ETF国联安,0.781,0.785,0.51,0.014,1.83,308497.0,24288201.2,0.775,0.795,0.77,0.767,3.26,20.16,0.76,-57.31,159174.0,149323.0,2676826.0,11.02,-53828.0,-0.22,2730654.0,11.24,-2101550.0,-8.65,-575275.0,-2.37,-48.0,0.781,0.782,153024466.0,119512108,119512108,2026-07-16,2026-07-16 15:34:00+08:00
513070,港股通消费ETF易方达,1.116,1.1124,-0.32,0.02,1.82,2667398.0,297332532.0,1.098,1.126,1.098,1.096,2.55,22.25,1.48,8.42,1355440.0,1311958.0,2713335.0,0.91,-1826721.0,-0.61,4540056.0,1.53,-2741596.0,-0.92,28262.0,0.01,-1465.0,1.116,1.117,1198760800.0,1337817053,1337817053,2026-07-16,2026-07-16 16:11:59+08:00
159011,养殖ETF华安,1.064,1.0672,0.3,0.019,1.82,145214.0,15402370.236,1.047,1.076,1.047,1.045,2.78,33.38,1.09,-68.63,78833.0,66381.0,-71933.0,-0.47,-1226152.0,-7.96,1154219.0,7.49,6928.0,0.04,65005.0,0.42,125.0,1.063,1.064,43505168.0,46289499,46289499,2026-07-16,2026-07-16 15:34:18+08:00
515400,大数据ETF富国,0.895,0.8911,-0.44,0.016,1.82,2758187.0,246223607.0,0.86,0.914,0.86,0.879,6.14,13.84,0.71,11.91,1260193.0,1497994.0,11952735.0,4.85,25087114.0,10.19,-13134379.0,-5.33,3138656.0,1.27,-15091391.0,-6.13,-34606.0,0.895,0.896,1992631408.0,1783405110,1783405110,2026-07-16,2026-07-16 16:11:43+08:00
159010,港股通科技ETF博时,0.955,0.9568,0.19,0.017,1.81,152628.0,14680381.809,0.938,0.97,0.938,0.938,3.41,7.25,0.83,60.78,92296.0,60332.0,2806093.0,19.11,0.0,0.0,2806093.0,19.11,-2066903.0,-14.08,-739191.0,-5.04,-102.0,0.955,0.957,210597611.0,201120719,201120719,2026-07-16,2026-07-16 15:34:24+08:00
159285,港股通消费ETF华安,0.789,0.7879,-0.14,0.014,1.81,111694.0,8805911.68,0.775,0.793,0.774,0.775,2.45,4.41,0.74,-56.79,61682.0,50012.0,289430.0,3.29,1062894.0,12.07,-773464.0,-8.78,-279029.0,-3.17,-10401.0,-0.12,53.0,0.786,0.789,253486680.0,200000991,200000991,2026-07-16,2026-07-16 15:34:18+08:00
159735,港股消费ETF银华,0.677,0.6759,-0.16,0.012,1.8,1009381.0,68097347.0,0.665,0.681,0.665,0.665,2.41,15.78,1.4,-37.02,551318.0,458063.0,1739800.0,2.55,-4427324.0,-6.5,6167124.0,9.06,-995769.0,-1.46,-744031.0,-1.09,1055.0,0.676,0.677,639561376.0,432983052,432983052,2026-07-16,2026-07-16 15:34:06+08:00
513860,港股通科技ETF海富通,0.624,0.6276,0.57,0.011,1.79,2913547.0,182941357.0,0.616,0.633,0.615,0.613,2.94,7.44,0.97,-28.4,1339055.0,1574492.0,13314696.0,7.28,31240834.0,17.08,-17926138.0,-9.8,-12745445.0,-6.97,-569250.0,-0.31,-657.0,0.624,0.625,3917470608.0,2444501659,2444501659,2026-07-16,2026-07-16 16:12:02+08:00
520840,港股通恒生科技ETF华安,0.797,0.7969,-0.01,0.014,1.79,1382546.0,110879836.0,0.788,0.81,0.785,0.783,3.19,12.08,0.98,-33.94,753846.0,628700.0,6177142.0,5.57,3568043.0,3.22,2609099.0,2.35,-4339176.0,-3.91,-1837964.0,-1.66,-10242.0,0.796,0.797,1144549008.0,912205559,912205559,2026-07-16,2026-07-16 16:11:37+08:00
159152,港股通科技ETF平安,0.802,0.8039,0.24,0.014,1.78,700541.0,56629088.898,0.788,0.815,0.788,0.788,3.43,8.18,0.87,21.94,386466.0,314075.0,3906834.0,6.9,144597.0,0.26,3762237.0,6.64,-3035549.0,-5.36,-871284.0,-1.54,469.0,0.801,0.803,856556096.0,686957989,686957989,2026-07-16,2026-07-16 15:34:09+08:00
159273,云计算ETF汇添富,1.499,1.4884,-0.71,0.026,1.77,378467.0,56534342.1,1.446,1.52,1.446,1.473,5.02,5.57,1.12,61.07,173360.0,205107.0,740695.0,1.31,6655810.0,11.77,-5915115.0,-10.46,909178.0,1.61,-1649872.0,-2.92,-1166.0,1.499,1.5,679777504.0,1018986478,1018986478,2026-07-16,2026-07-16 15:34:42+08:00
513020,港股科技ETF国泰,0.977,0.9779,0.09,0.017,1.77,3065552.0,300404898.0,0.962,0.991,0.961,0.96,3.13,12.23,1.2,17.7,1550080.0,1515472.0,4808459.0,1.6,10459852.0,3.48,-5651393.0,-1.88,-2519160.0,-0.84,-2289298.0,-0.76,-2174.0,0.977,0.978,2507145408.0,2449481064,2449481064,2026-07-16,2026-07-16 16:11:34+08:00
513010,恒生科技ETF易方达,0.632,0.6323,0.05,0.011,1.77,23154853.0,1468568309.0,0.62,0.641,0.62,0.621,3.38,5.19,1.02,3.61,12110849.0,11044004.0,20211456.0,1.38,28477504.0,1.94,-8266048.0,-0.56,-13046439.0,-0.89,-7165012.0,-0.49,-105773.0,0.631,0.632,44587307008.0,28179178029,28179178029,2026-07-16,2026-07-16 16:11:57+08:00
159173,农牧ETF南方,0.865,0.8648,-0.02,0.015,1.76,94700.0,8161986.6,0.85,0.868,0.85,0.85,2.12,17.39,0.98,-17.79,52131.0,42569.0,-118055.0,-1.45,254827.0,3.12,-372882.0,-4.57,137747.0,1.69,-19693.0,-0.24,20.0,0.865,0.866,54455388.0,47103911,47103911,2026-07-16,2026-07-16 15:34:12+08:00
510090,责任ETF建信,2.498,2.4626,-1.44,0.043,1.75,399.0,99662.0,2.479,2.499,2.455,2.455,1.79,0.16,1.81,15.0,388.0,11.0,-93425.0,-93.74,0.0,0.0,-93425.0,-93.74,95673.0,96.0,-2248.0,-2.26,1.0,2.457,2.467,25081100.0,62652588,62652588,2026-07-16,2026-07-16 16:12:01+08:00
159873,医疗设备ETF天弘,0.526,0.524,-0.38,0.009,1.74,322016.0,16828549.8,0.517,0.528,0.511,0.517,3.29,6.09,1.09,-51.12,187282.0,134734.0,1724699.0,10.25,2657743.0,15.79,-933044.0,-5.54,-1358532.0,-8.07,-366167.0,-2.18,-3600.0,0.526,0.527,528920000.0,278211920,278211920,2026-07-16,2026-07-16 15:34:00+08:00
516760,养殖ETF平安,0.584,0.5831,-0.15,0.01,1.74,138665.0,8068063.0,0.574,0.587,0.573,0.574,2.44,4.5,0.87,6.45,69776.0,68889.0,290145.0,3.6,-72784.0,-0.9,362929.0,4.5,-196478.0,-2.44,-93667.0,-1.16,-2979.0,0.583,0.584,308215104.0,179997621,179997621,2026-07-16,2026-07-16 16:11:35+08:00
159015,恒生港股通科技ETF国联,0.94,0.9437,0.39,0.016,1.73,441180.0,41850574.218,0.94,0.959,0.925,0.924,3.68,36.06,0.64,28.89,232322.0,208857.0,2020751.0,4.83,1457435.0,3.48,563316.0,1.35,-1568648.0,-3.75,-452104.0,-1.08,-633.0,0.94,0.942,122352934.0,115011758,115011758,2026-07-16,2026-07-16 15:34:30+08:00
513160,港股科技ETF银华,1.006,1.0069,0.09,0.017,1.72,5042211.0,510604288.0,0.99,1.025,0.989,0.989,3.64,13.92,0.9,20.13,2639661.0,2402550.0,12712814.0,2.49,8573310.0,1.68,4139504.0,0.81,-8900826.0,-1.74,-3811991.0,-0.75,-8470.0,1.006,1.007,3621189296.0,3642916432,3642916432,2026-07-16,2026-07-16 16:11:47+08:00
520920,恒生科技ETF天弘,0.717,0.7192,0.31,0.012,1.7,4635120.0,334123334.0,0.71,0.728,0.706,0.705,3.12,2.46,0.94,12.96,2505577.0,2129543.0,1114723.0,0.33,5083495.0,1.52,-3968772.0,-1.19,-1349782.0,-0.4,235061.0,0.07,-15533.0,0.716,0.717,18842019072.0,13509727675,13509727675,2026-07-16,2026-07-16 16:11:53+08:00
159262,港股通科技ETF广发,0.9,0.9007,0.08,0.015,1.69,6233433.0,565080503.299,0.885,0.917,0.884,0.885,3.73,10.51,0.55,-41.96,3119016.0,3114417.0,-11157385.0,-1.97,-4250276.0,-0.75,-6907109.0,-1.22,-9476102.0,-1.68,20633488.0,3.65,5674.0,0.899,0.9,5932220416.0,5338998374,5338998374,2026-07-16,2026-07-16 15:34:06+08:00
513130,恒生科技ETF华泰柏瑞,0.604,0.6044,0.07,0.01,1.68,69567774.0,4214944891.0,0.593,0.612,0.593,0.594,3.2,11.44,0.94,-0.16,36011467.0,33556307.0,165805088.0,3.93,273249824.0,6.48,-107444736.0,-2.55,-121727830.0,-2.89,-44077249.0,-1.05,-260137.0,0.603,0.604,60792347136.0,36718577670,36718577670,2026-07-16,2026-07-16 16:11:57+08:00
520980,港股通科技ETF汇添富,0.913,0.9157,0.29,0.015,1.67,6541249.0,603707388.0,0.902,0.933,0.899,0.898,3.79,19.1,0.99,19.94,3319143.0,3222105.0,9930706.0,1.64,5535127.0,0.92,4395579.0,0.73,-5549224.0,-0.92,-4381482.0,-0.73,-8193.0,0.913,0.914,3424387008.0,3126465338,3126465338,2026-07-16,2026-07-16 16:12:00+08:00
159268,港股通消费ETF汇添富,0.792,0.791,-0.13,0.013,1.67,561338.0,44458016.5,0.783,0.799,0.781,0.779,2.31,13.52,2.09,6.26,277250.0,284088.0,3229437.0,7.26,-2728378.0,-6.14,5957815.0,13.4,-2004430.0,-4.51,-1225007.0,-2.76,-23.0,0.792,0.793,415055024.0,328723579,328723579,2026-07-16,2026-07-16 15:34:33+08:00
513580,恒生科技ETF华安,0.609,0.6123,0.54,0.01,1.67,2382731.0,145681699.0,0.598,0.617,0.597,0.599,3.34,3.72,0.72,-29.22,1206638.0,1176093.0,5022131.0,3.45,4202557.0,2.88,819574.0,0.56,-3482926.0,-2.39,-1539205.0,-1.06,-4222.0,0.608,0.609,6400118016.0,3897671872,3897671872,2026-07-16,2026-07-16 16:12:01+08:00
516670,畜牧养殖ETF招商,0.611,0.6105,-0.08,0.01,1.66,813800.0,49447705.0,0.596,0.614,0.596,0.601,3.0,2.48,1.09,-10.79,377439.0,436361.0,2624245.0,5.31,638634.0,1.29,1985611.0,4.02,-2284527.0,-4.62,-339719.0,-0.69,-10049.0,0.61,0.611,3287266304.0,2008519712,2008519712,2026-07-16,2026-07-16 16:11:57+08:00
560210,农牧渔ETF景顺,0.794,0.7955,0.19,0.013,1.66,113034.0,8938851.0,0.781,0.799,0.781,0.781,2.3,2.07,1.2,0.8,62354.0,50680.0,525369.0,5.88,107881.0,1.21,417488.0,4.67,-462602.0,-5.18,-62767.0,-0.7,-1216.0,0.794,0.795,545522000.0,433144468,433144468,2026-07-16,2026-07-16 16:11:50+08:00
513180,恒生科技ETF华夏,0.613,0.6133,0.05,0.01,1.66,80535867.0,4957134661.0,0.603,0.622,0.603,0.603,3.15,11.5,1.02,-8.37,41661839.0,38874027.0,98352368.0,1.98,176967632.0,3.57,-78615264.0,-1.59,-71351072.0,-1.44,-27001268.0,-0.54,-488758.0,0.613,0.614,70003761152.0,42912305586,42912305586,2026-07-16,2026-07-16 16:11:43+08:00
513380,恒生科技ETF广发,0.555,0.5562,0.22,0.009,1.65,5946213.0,331812504.0,0.547,0.564,0.546,0.546,3.3,3.21,0.93,7.85,2812474.0,3133739.0,11657075.0,3.51,-455442.0,-0.14,12112517.0,3.65,-9470270.0,-2.85,-2186805.0,-0.66,-9144.0,0.554,0.555,18511784960.0,10274040653,10274040653,2026-07-16,2026-07-16 16:12:02+08:00
159867,养殖ETF鹏华,0.553,0.5529,-0.02,0.009,1.65,919313.0,50604721.615,0.542,0.557,0.542,0.544,2.76,5.33,1.21,-32.22,492496.0,426817.0,2906232.0,5.74,7543817.0,14.91,-4637585.0,-9.16,-2043857.0,-4.04,-862376.0,-1.7,-1709.0,0.553,0.554,1724643600.0,953727911,953727911,2026-07-16,2026-07-16 15:34:09+08:00
513260,恒生科技ETF汇添富,1.177,1.1792,0.19,0.019,1.64,4143592.0,490270395.0,1.158,1.196,1.158,1.158,3.28,8.37,0.83,42.71,2105449.0,2038143.0,16341057.0,3.33,21938300.0,4.47,-5597243.0,-1.14,-13031291.0,-2.66,-3309766.0,-0.68,-11837.0,1.177,1.178,4949243136.0,5825259171,5825259171,2026-07-16,2026-07-16 16:11:53+08:00
513980,港股科技ETF景顺,0.622,0.6262,0.67,0.01,1.63,8687246.0,543194238.0,0.615,0.633,0.614,0.612,3.1,4.02,1.04,-31.36,3954033.0,4733213.0,-7379507.0,-1.36,-40937056.0,-7.54,33557549.0,6.18,9862938.0,1.82,-2483428.0,-0.46,-6944.0,0.622,0.623,21614203904.0,13444034828,13444034828,2026-07-16,2026-07-16 16:11:38+08:00
513230,港股通消费ETF华夏,0.879,0.8784,-0.07,0.014,1.62,375326.0,32979569.0,0.866,0.887,0.866,0.865,2.43,12.33,1.24,0.74,186698.0,188628.0,897375.0,2.72,1784825.0,5.41,-887450.0,-2.69,-916792.0,-2.78,19417.0,0.06,-95.0,0.879,0.88,304422704.0,267587557,267587557,2026-07-16,2026-07-16 16:11:42+08:00
520560,香港大盘30ETF华宝,0.819,0.8208,0.22,0.013,1.61,163815.0,13445637.0,0.819,0.827,0.812,0.806,1.86,2.5,0.99,21.5,90181.0,73634.0,1284529.0,9.55,-1228736.0,-9.14,2513265.0,18.69,-1040195.0,-7.74,-244334.0,-1.82,-13.0,0.818,0.819,655419008.0,536788168,536788168,2026-07-16,2026-07-16 16:11:40+08:00
513970,恒生消费ETF景顺,0.829,0.8268,-0.27,0.013,1.59,811460.0,67107537.0,0.816,0.833,0.815,0.816,2.21,5.67,1.35,-23.34,471783.0,339677.0,1855337.0,2.76,-4575447.0,-6.82,6430784.0,9.58,245177.0,0.37,-2100515.0,-3.13,-7664.0,0.828,0.829,1430041008.0,1185503996,1185503996,2026-07-16,2026-07-16 16:11:53+08:00
159377,创业板医药ETF国泰,1.02,1.0156,-0.43,0.016,1.59,483672.0,48732200.5,0.995,1.03,0.975,1.004,5.48,32.65,1.2,-1.81,265410.0,218262.0,-2659971.0,-5.46,-5458226.0,-11.2,2798255.0,5.74,1210163.0,2.48,1449808.0,2.98,-873.0,1.02,1.021,148129399.0,151091987,151091987,2026-07-16,2026-07-16 15:34:24+08:00
159960,恒生中国企业ETF平安,0.84,0.8396,-0.05,0.013,1.57,149845.0,12608989.4,0.831,0.847,0.831,0.827,1.93,12.43,0.33,63.39,89310.0,60535.0,886395.0,7.03,-159300.0,-1.26,1045695.0,8.29,-797391.0,-6.32,-89005.0,-0.71,-36.0,0.837,0.842,120573960.0,101282126,101282126,2026-07-16,2026-07-16 15:34:45+08:00
513590,港股通消费ETF鹏华,0.78,0.7823,0.29,0.012,1.56,109536.0,8530162.0,0.769,0.787,0.769,0.768,2.34,8.59,2.03,-5.07,46350.0,63186.0,-86964.0,-1.02,190181.0,2.23,-277145.0,-3.25,268770.0,3.15,-181808.0,-2.13,-355.0,0.78,0.781,127518900.0,99464742,99464742,2026-07-16,2026-07-16 16:11:47+08:00
159711,港股通50ETF华夏,1.321,1.3221,0.08,0.02,1.54,310577.0,41005753.2,1.308,1.329,1.308,1.301,1.61,90.11,1.16,-24.96,162429.0,148148.0,1633125.0,3.98,686615.0,1.67,946510.0,2.31,-1505454.0,-3.67,-127672.0,-0.31,-1082.0,1.321,1.322,34465157.0,45528472,45528472,2026-07-16,2026-07-16 15:34:36+08:00
513150,港股通科技ETF华泰柏瑞,0.987,0.9894,0.24,0.015,1.54,1713592.0,170358430.0,0.992,1.003,0.977,0.972,2.67,162.33,1.04,16.16,876773.0,836819.0,2257091.0,1.32,-2605960.0,-1.53,4863051.0,2.85,-1574711.0,-0.92,-682381.0,-0.4,-514.0,0.986,0.987,105559800.0,104187523,104187523,2026-07-16,2026-07-16 16:11:38+08:00
520770,恒指港股通ETF建信,0.93,0.9286,-0.15,0.014,1.53,42393.0,3957945.0,0.925,0.937,0.924,0.916,1.42,1.98,0.68,-2.62,14388.0,28005.0,368152.0,9.3,834199.0,21.08,-466047.0,-11.77,-375255.0,-9.48,7103.0,0.18,52.0,0.928,0.931,214373800.0,199367634,199367634,2026-07-16,2026-07-16 16:11:56+08:00
159126,港股通50ETF南方,0.934,0.9351,0.12,0.014,1.52,111366.0,10442957.656,0.923,0.947,0.923,0.92,2.61,4.24,0.67,-58.08,56577.0,54789.0,-262163.0,-2.51,537499.0,5.15,-799662.0,-7.66,365482.0,3.5,-103319.0,-0.99,32.0,0.933,0.934,262616546.0,245283854,245283854,2026-07-16,2026-07-16 15:34:24+08:00
159741,恒生科技ETF嘉实,0.606,0.61,0.66,0.009,1.51,3306087.0,201417115.924,0.597,0.615,0.597,0.597,3.02,21.21,0.93,8.1,1562929.0,1743158.0,3413816.0,1.69,9725248.0,4.83,-6311432.0,-3.13,-2317087.0,-1.15,-1096729.0,-0.54,-6727.0,0.606,0.607,1558796720.0,944630812,944630812,2026-07-16,2026-07-16 15:34:12+08:00
513560,香港科技ETF兴银,1.159,1.1616,0.22,0.017,1.49,610542.0,71024212.0,1.139,1.175,1.139,1.142,3.15,11.03,0.79,-33.28,310908.0,299634.0,1654715.0,2.33,1430621.0,2.01,224094.0,0.32,392946.0,0.55,-2047661.0,-2.88,-1161.0,1.157,1.159,553386000.0,641374374,641374374,2026-07-16,2026-07-16 16:11:41+08:00
159742,恒生科技ETF博时,0.619,0.622,0.48,0.009,1.48,4868218.0,303019217.961,0.609,0.629,0.609,0.61,3.28,7.19,1.07,-51.09,2675394.0,2192824.0,5825662.0,1.92,13915961.0,4.59,-8090299.0,-2.67,-4629863.0,-1.53,-1195801.0,-0.39,-13186.0,0.619,0.62,6772928256.0,4192442590,4192442590,2026-07-16,2026-07-16 15:34:30+08:00
159135,港股通科技ETF前海开源,0.829,0.833,0.48,0.012,1.47,352214.0,29476029.976,0.819,0.845,0.819,0.817,3.18,5.42,0.81,-32.96,163444.0,188771.0,1846507.0,6.26,613340.0,2.08,1233167.0,4.18,-1410114.0,-4.78,-436394.0,-1.48,773.0,0.826,0.829,649466384.0,538407632,538407632,2026-07-16,2026-07-16 15:34:03+08:00
512980,传媒ETF广发,0.828,0.8257,-0.28,0.012,1.47,2963048.0,243769888.0,0.811,0.835,0.801,0.816,4.17,6.8,0.83,-0.25,1513658.0,1449390.0,-8929031.0,-3.66,-4456836.0,-1.83,-4472195.0,-1.83,11403167.0,4.68,-2474136.0,-1.01,-36350.0,0.827,0.828,4354424320.0,3605463337,3605463337,2026-07-16,2026-07-16 16:11:37+08:00
159699,恒生消费ETF广发,0.896,0.895,-0.11,0.013,1.47,433908.0,38820364.24,0.885,0.902,0.885,0.883,1.93,8.48,1.49,35.43,232899.0,201009.0,631563.0,1.63,-807616.0,-2.08,1439179.0,3.71,-525299.0,-1.35,-106264.0,-0.27,-1180.0,0.896,0.897,511664256.0,458451173,458451173,2026-07-16,2026-07-16 15:34:48+08:00
520530,港股通科技ETF东财,0.833,0.8363,0.39,0.012,1.46,861040.0,72068744.0,0.825,0.846,0.824,0.821,2.68,35.18,1.2,6.06,452357.0,408683.0,4117018.0,5.71,-1386232.0,-1.92,5503250.0,7.64,-3037011.0,-4.21,-1080006.0,-1.5,-1839.0,0.833,0.834,244776000.0,203898408,203898408,2026-07-16,2026-07-16 16:11:50+08:00
159954,恒生中国企业ETF南方,0.912,0.9129,0.1,0.013,1.45,30029.0,2740532.8,0.902,0.92,0.902,0.899,2.0,1.54,0.5,57.96,16458.0,13571.0,-271702.0,-9.91,-221919.0,-8.1,-49783.0,-1.82,217460.0,7.93,54242.0,1.98,22.0,0.91,0.912,195105083.0,177935836,177935836,2026-07-16,2026-07-16 15:34:42+08:00
520570,恒生科技ETF南方,0.773,0.7746,0.21,0.011,1.44,2195953.0,170974954.0,0.767,0.786,0.764,0.762,2.89,6.47,0.9,31.59,1116155.0,1079798.0,16703.0,0.01,1063367.0,0.62,-1046664.0,-0.61,352886.0,0.21,-369589.0,-0.22,-6075.0,0.773,0.774,3394876000.0,2624239148,2624239148,2026-07-16,2026-07-16 16:11:52+08:00
159788,港股通100ETF易方达,1.201,1.2039,0.24,0.017,1.44,84971.0,10224146.4,1.184,1.212,1.184,1.184,2.36,10.57,0.64,30.27,50643.0,34328.0,90870.0,0.89,64487.0,0.63,26383.0,0.26,17021.0,0.17,-107891.0,-1.06,-3.0,1.201,1.202,80424965.0,96590383,96590383,2026-07-16,2026-07-16 15:34:39+08:00
516190,传媒ETF华夏,0.996,0.9934,-0.26,0.014,1.43,493900.0,48572509.0,0.983,1.004,0.966,0.982,3.87,38.64,1.94,-7.16,308729.0,185171.0,20323712.0,41.84,16420693.0,33.81,3903019.0,8.04,1980979.0,4.08,-22304691.0,-45.92,-5331.0,0.996,0.997,127818500.0,127307226,127307226,2026-07-16,2026-07-16 16:11:48+08:00
159725,线上消费ETF工银,0.778,0.7791,0.14,0.011,1.43,84988.0,6596807.7,0.763,0.787,0.756,0.767,4.04,7.18,0.99,-39.21,37925.0,47063.0,704290.0,10.68,323898.0,4.91,380392.0,5.77,-562998.0,-8.53,-141292.0,-2.14,-620.0,0.778,0.779,118424924.0,92134591,92134591,2026-07-16,2026-07-16 15:34:00+08:00
562600,医疗器械ETF华夏,0.779,0.7766,-0.31,0.011,1.43,655134.0,50508114.0,0.768,0.783,0.757,0.768,3.39,13.79,1.03,6.04,333561.0,321573.0,24959.0,0.05,5373085.0,10.64,-5348126.0,-10.59,-216103.0,-0.43,191143.0,0.38,-11111.0,0.778,0.779,474937408.0,369976241,369976241,2026-07-16,2026-07-16 16:11:35+08:00
159747,香港科技ETF南方,1.216,1.2221,0.5,0.017,1.42,1117976.0,136832697.6,1.2,1.236,1.2,1.199,3.0,35.08,0.87,-29.21,559380.0,558596.0,4128481.0,3.02,1281655.0,0.94,2846826.0,2.08,-3326901.0,-2.43,-801580.0,-0.59,-744.0,1.216,1.217,318712272.0,387554123,387554123,2026-07-16,2026-07-16 15:34:12+08:00
516610,医疗设备ETF大成,0.432,0.4301,-0.44,0.006,1.41,380858.0,16295624.0,0.425,0.434,0.418,0.426,3.76,16.0,2.79,36.94,220795.0,160063.0,-772346.0,-4.74,-3707519.0,-22.75,2935173.0,18.01,520481.0,3.19,251865.0,1.55,-4709.0,0.432,0.433,237974800.0,102805114,102805114,2026-07-16,2026-07-16 16:11:48+08:00
516810,农业ETF华夏,0.733,0.731,-0.27,0.01,1.38,1423941.0,103708975.0,0.72,0.736,0.72,0.723,2.21,27.57,1.1,-2.11,720542.0,703399.0,-3663314.0,-3.53,-1008005.0,-0.97,-2655309.0,-2.56,2409053.0,2.32,1254261.0,1.21,-1822.0,0.732,0.733,516478896.0,378579031,378579031,2026-07-16,2026-07-16 16:11:38+08:00
159850,恒生国企ETF华夏,0.808,0.8102,0.27,0.011,1.38,144346.0,11686969.6,0.8,0.816,0.8,0.797,2.01,2.68,0.61,44.94,73574.0,70772.0,1348849.0,11.54,860796.0,7.37,488053.0,4.18,-1204407.0,-10.31,-144443.0,-1.24,150.0,0.807,0.808,538706496.0,435274849,435274849,2026-07-16,2026-07-16 15:34:57+08:00
159269,港股通科技ETF南方,0.879,0.8799,0.1,0.012,1.38,1426385.0,126126562.532,0.867,0.892,0.866,0.867,3.0,6.8,0.98,25.91,690098.0,736287.0,4111396.0,3.26,8487481.0,6.73,-4376085.0,-3.47,-3724889.0,-2.95,-386508.0,-0.31,-1208.0,0.879,0.88,2097311712.0,1843536995,1843536995,2026-07-16,2026-07-16 15:34:09+08:00
159883,医疗器械ETF永赢,0.442,0.4407,-0.29,0.006,1.38,3396800.0,149298873.2,0.436,0.444,0.431,0.436,2.98,3.62,1.18,-55.65,2021037.0,1375763.0,1166413.0,0.78,-7884187.0,-5.28,9050600.0,6.06,-1309746.0,-0.88,143333.0,0.1,6037.0,0.441,0.442,9392037888.0,4151280746,4151280746,2026-07-16,2026-07-16 15:34:06+08:00
159928,消费ETF汇添富,0.665,0.6638,-0.18,0.009,1.37,7328817.0,484891319.63,0.655,0.668,0.653,0.656,2.29,3.14,1.24,-53.93,4003153.0,3325664.0,-4526652.0,-0.93,-18927990.0,-3.9,14401338.0,2.97,11595182.0,2.39,-7068530.0,-1.46,32235.0,0.664,0.665,23332628992.0,15516198280,15516198280,2026-07-16,2026-07-16 15:34:24+08:00
513210,恒生ETF易方达,1.493,1.493,0.0,0.02,1.36,80116.0,11979017.0,1.485,1.509,1.479,1.473,2.04,18.23,0.93,0.71,42750.0,37366.0,312733.0,2.61,0.0,0.0,312733.0,2.61,-562151.0,-4.69,249417.0,2.08,-77.0,1.49,1.493,43942000.0,65605406,65605406,2026-07-16,2026-07-16 16:11:33+08:00
159109,恒生50ETF景顺,0.819,0.8225,0.43,0.011,1.36,624701.0,51349932.991,0.811,0.827,0.811,0.808,1.98,7.08,1.34,-67.13,251064.0,373637.0,18050208.0,35.15,6821681.0,13.28,11228527.0,21.87,-17673794.0,-34.42,-376414.0,-0.73,-301.0,0.819,0.82,882163856.0,722492198,722492198,2026-07-16,2026-07-16 15:34:42+08:00
520620,恒生消费ETF嘉实,0.819,0.8213,0.28,0.011,1.36,96081.0,7876184.0,0.813,0.826,0.809,0.808,2.1,3.11,0.73,0.41,43972.0,52109.0,997041.0,12.66,-482348.0,-6.12,1479389.0,18.78,-900510.0,-11.43,-96533.0,-1.23,-123.0,0.819,0.82,309409008.0,253405978,253405978,2026-07-16,2026-07-16 16:11:40+08:00
159751,港股通科技ETF鹏华,0.909,0.9109,0.21,0.012,1.34,916720.0,83604301.9,0.894,0.921,0.894,0.897,3.01,9.57,1.1,-23.3,466297.0,450423.0,3911157.0,4.68,4483382.0,5.36,-572225.0,-0.68,-2706269.0,-3.24,-1204888.0,-1.44,-1459.0,0.909,0.91,957629632.0,870485335,870485335,2026-07-16,2026-07-16 15:34:21+08:00
562900,农业ETF易方达,0.684,0.6833,-0.1,0.009,1.33,290147.0,19753740.0,0.675,0.687,0.67,0.675,2.52,12.36,1.38,9.8,141782.0,148365.0,870005.0,4.4,1886628.0,9.55,-1016623.0,-5.15,-1056468.0,-5.35,186464.0,0.94,-753.0,0.684,0.685,234706300.0,160539109,160539109,2026-07-16,2026-07-16 16:11:59+08:00
517880,品牌消费ETF华泰柏瑞,0.76,0.7619,0.25,0.01,1.33,40883.0,3107309.0,0.749,0.769,0.749,0.75,2.67,7.67,1.46,6.11,18364.0,22519.0,-510205.0,-16.42,0.0,0.0,-510205.0,-16.42,402406.0,12.95,107798.0,3.47,-11.0,0.76,0.761,53337100.0,40536196,40536196,2026-07-16,2026-07-16 16:11:47+08:00
159822,新经济ETF银华,0.608,0.6019,-1.01,0.008,1.33,237410.0,14463883.4,0.6,0.614,0.6,0.6,2.33,7.3,1.81,3.21,136420.0,100990.0,1304824.0,9.02,16410.0,0.11,1288414.0,8.91,-764938.0,-5.29,-539887.0,-3.73,-911.0,0.608,0.609,325134320.0,197681667,197681667,2026-07-16,2026-07-16 15:34:36+08:00
159891,医疗ETF建信,0.388,0.3859,-0.54,0.005,1.31,433907.0,16629754.6,0.382,0.389,0.376,0.383,3.39,12.47,1.1,-2.38,238326.0,195581.0,586463.0,3.53,-489269.0,-2.94,1075732.0,6.47,-737361.0,-4.43,150897.0,0.91,544.0,0.387,0.388,348024832.0,135033635,135033635,2026-07-16,2026-07-16 15:34:21+08:00
159051,医疗器械ETF易方达,1.013,1.0153,0.23,0.013,1.3,206369.0,20946975.689,0.999,1.022,0.992,1.0,3.0,12.81,2.23,43.82,147322.0,59047.0,2273880.0,10.86,-289789.0,-1.38,2563669.0,12.24,-1758827.0,-8.4,-515053.0,-2.46,-175.0,1.013,1.015,161117894.0,163212427,163212427,2026-07-16,2026-07-16 15:34:57+08:00
159245,港股通消费ETF富国,0.797,0.7977,0.09,0.01,1.27,79068.0,6296187.3,0.788,0.808,0.788,0.787,2.54,11.44,1.74,-24.53,33682.0,45386.0,989467.0,15.72,-475519.0,-7.55,1464986.0,23.27,-804303.0,-12.77,-185163.0,-2.94,-1.0,0.797,0.798,69113296.0,55083297,55083297,2026-07-16,2026-07-16 15:34:27+08:00
512200,房地产ETF南方,1.21,1.2056,-0.36,0.015,1.26,1334482.0,160115073.0,1.18,1.215,1.179,1.195,3.01,4.84,1.27,-10.0,793457.0,541025.0,-14670375.0,-9.16,-1199433.0,-0.75,-13470942.0,-8.41,6816760.0,4.26,7853616.0,4.9,-6438.0,1.209,1.21,2759597904.0,3339113464,3339113464,2026-07-16,2026-07-16 16:11:45+08:00
159712,港股通50ETF国泰,1.227,1.2304,0.28,0.015,1.24,154201.0,18955507.6,1.215,1.239,1.215,1.212,1.98,16.1,0.81,-9.02,80484.0,73717.0,56682.0,0.3,0.0,0.0,56682.0,0.3,63766.0,0.34,-120448.0,-0.64,-281.0,1.227,1.229,95778813.0,117520604,117520604,2026-07-16,2026-07-16 15:34:09+08:00
159898,医疗器械ETF招商,0.491,0.4894,-0.33,0.006,1.24,306769.0,14984886.3,0.482,0.494,0.479,0.485,3.09,3.32,0.76,-35.4,176499.0,130270.0,-27065.0,-0.18,199517.0,1.33,-226582.0,-1.51,-92082.0,-0.61,119148.0,0.8,3353.0,0.49,0.491,923098832.0,453241527,453241527,2026-07-16,2026-07-16 15:34:18+08:00
526070,恒指港股通ETF博时,0.981,0.9823,0.13,0.012,1.24,71230.0,6994066.0,0.98,0.988,0.976,0.969,1.24,8.06,1.1,3.26,37717.0,33513.0,569946.0,8.15,296255.0,4.24,273691.0,3.91,-547030.0,-7.82,-22915.0,-0.33,76.0,0.978,0.981,88377000.0,86697837,86697837,2026-07-16,2026-07-16 16:11:37+08:00
159315,黄金股ETF工银,1.402,1.3961,-0.42,0.017,1.23,94473.0,13250975.2,1.382,1.425,1.373,1.385,3.75,4.81,0.72,-5.87,42646.0,51827.0,1539049.0,11.61,1120000.0,8.45,419049.0,3.16,-1108773.0,-8.37,-430276.0,-3.25,-639.0,1.402,1.403,196589621.0,275618649,275618649,2026-07-16,2026-07-16 15:34:54+08:00
513900,港股通100ETF华安,0.991,0.999,0.8,0.012,1.23,219192.0,21767502.0,0.981,1.001,0.98,0.979,2.15,19.23,1.11,-1.36,106760.0,112432.0,357563.0,1.64,-296115.0,-1.36,653678.0,3.0,-201031.0,-0.92,-156532.0,-0.72,-818.0,0.991,0.992,113978000.0,112952198,112952198,2026-07-16,2026-07-16 16:11:46+08:00
520820,恒指港股通ETF汇添富,0.919,0.9198,0.09,0.011,1.21,10089.0,928006.0,0.907,0.927,0.907,0.908,2.2,1.58,0.51,4.93,7649.0,2440.0,110912.0,11.95,0.0,0.0,110912.0,11.95,-65052.0,-7.01,-45860.0,-4.94,10.0,0.918,0.919,63682000.0,58523758,58523758,2026-07-16,2026-07-16 16:11:59+08:00
159312,恒指港股通ETF广发,1.167,1.1726,0.48,0.014,1.21,50427.0,5914277.3,1.156,1.18,1.156,1.153,2.08,14.32,0.53,-9.44,22411.0,28016.0,341677.0,5.78,768704.0,13.0,-427027.0,-7.22,-220504.0,-3.73,-121174.0,-2.05,-10.0,1.167,1.171,35224353.0,41106820,41106820,2026-07-16,2026-07-16 15:34:51+08:00
520950,港股通50ETF摩根,0.841,0.8432,0.26,0.01,1.2,322301.0,27213968.0,0.833,0.851,0.833,0.831,2.17,9.58,0.56,5.74,147239.0,175062.0,1081998.0,3.98,1112605.0,4.09,-30607.0,-0.11,-803273.0,-2.95,-278725.0,-1.02,-1.0,0.84,0.842,336421008.0,282930068,282930068,2026-07-16,2026-07-16 16:11:54+08:00
515230,软件ETF国泰,0.682,0.6813,-0.1,0.008,1.19,2443530.0,166537964.0,0.671,0.691,0.667,0.674,3.56,3.37,0.81,-2.51,1407078.0,1036452.0,6005564.0,3.61,12835472.0,7.71,-6829908.0,-4.1,-4178394.0,-2.51,-1827169.0,-1.1,-23501.0,0.681,0.682,7258690816.0,4950427137,4950427137,2026-07-16,2026-07-16 16:12:02+08:00
516840,汽车ETF南方,0.767,0.7686,0.21,0.009,1.19,27011.0,2075187.0,0.757,0.778,0.753,0.758,3.3,2.19,0.79,0.62,9051.0,17960.0,456258.0,21.99,35321.0,1.7,420937.0,20.28,-482775.0,-23.26,26517.0,1.28,-325.0,0.767,0.768,123277000.0,94553459,94553459,2026-07-16,2026-07-16 16:11:45+08:00
159797,医疗器械ETF汇添富,0.68,0.6785,-0.22,0.008,1.19,199160.0,13464562.6,0.672,0.684,0.661,0.672,3.42,4.97,1.99,-10.1,106188.0,92972.0,-2475622.0,-18.39,-1877761.0,-13.95,-597861.0,-4.44,1627926.0,12.09,847696.0,6.3,4362.0,0.679,0.68,400989248.0,272672689,272672689,2026-07-16,2026-07-16 15:34:12+08:00
159877,医疗ETF南方,0.516,0.5155,-0.1,0.006,1.18,48405.0,2473809.4,0.512,0.519,0.503,0.51,3.14,2.3,1.48,8.08,14956.0,33449.0,-274427.0,-11.09,-616091.0,-24.9,341664.0,13.81,224821.0,9.09,49606.0,2.01,174.0,0.514,0.516,210792292.0,108768823,108768823,2026-07-16,2026-07-16 15:34:18+08:00
513600,恒生指数ETF南方,2.744,2.7396,-0.16,0.032,1.18,507214.0,139379198.0,2.719,2.765,2.719,2.712,1.7,8.92,0.6,-13.85,241557.0,265657.0,4291984.0,3.08,-1485535.0,-1.07,5777519.0,4.15,-2021255.0,-1.45,-2270728.0,-1.63,-2178.0,2.744,2.745,568829504.0,1560868159,1560868159,2026-07-16,2026-07-16 16:11:41+08:00
513550,港股通50ETF华泰柏瑞,1.116,1.1166,0.05,0.013,1.18,657423.0,73672053.0,1.107,1.128,1.107,1.103,1.9,4.08,0.67,10.73,380744.0,276679.0,3008356.0,4.08,9195505.0,12.48,-6187149.0,-8.4,-2351054.0,-3.19,-657301.0,-0.89,-1824.0,1.116,1.119,1612992000.0,1800099072,1800099072,2026-07-16,2026-07-16 16:11:38+08:00
159738,云计算ETF华泰柏瑞,2.158,2.1532,-0.22,0.025,1.17,165794.0,35937077.6,2.17,2.195,2.094,2.133,4.74,12.28,0.89,-80.15,89926.0,75868.0,-766091.0,-2.13,481059.0,1.34,-1247150.0,-3.47,460546.0,1.28,305544.0,0.85,-258.0,2.158,2.163,134992667.0,291314175,291314175,2026-07-16,2026-07-16 15:34:24+08:00
516790,医疗ETF华泰柏瑞,0.518,0.5168,-0.23,0.006,1.17,146242.0,7535638.0,0.519,0.522,0.504,0.512,3.52,7.68,1.41,-1.57,79167.0,67075.0,-132720.0,-1.76,-1358989.0,-18.03,1226269.0,16.27,-39033.0,-0.52,171753.0,2.28,-2900.0,0.517,0.518,190482200.0,98669780,98669780,2026-07-16,2026-07-16 16:11:57+08:00
516510,云计算ETF易方达,1.74,1.7373,-0.16,0.02,1.16,1612055.0,280059315.0,1.687,1.78,1.686,1.72,5.47,9.72,0.81,31.14,708116.0,903939.0,47441094.0,16.94,53927748.0,19.26,-6486654.0,-2.32,-29077786.0,-10.38,-18363308.0,-6.56,-8685.0,1.74,1.741,1657890000.0,2884728600,2884728600,2026-07-16,2026-07-16 16:11:44+08:00
513660,恒生ETF华夏,1.488,1.4859,-0.14,0.017,1.16,719008.0,107194626.0,1.477,1.501,1.476,1.471,1.7,3.34,0.76,8.44,362935.0,356073.0,508232.0,0.47,5667118.0,5.29,-5158886.0,-4.81,-2773300.0,-2.59,2265068.0,2.11,-2624.0,1.488,1.489,2150000208.0,3199200310,3199200310,2026-07-16,2026-07-16 16:11:59+08:00
159590,软件ETF汇添富,0.872,0.87,-0.23,0.01,1.16,449628.0,39043456.3,0.86,0.882,0.851,0.862,3.6,6.72,0.86,10.0,239745.0,209883.0,-283471.0,-0.73,-4123074.0,-10.56,3839603.0,9.83,-888359.0,-2.28,1171829.0,3.0,3567.0,0.871,0.872,669361744.0,583683441,583683441,2026-07-16,2026-07-16 15:34:54+08:00
513360,教育ETF博时,0.442,0.4383,-0.84,0.005,1.14,1436932.0,63547732.0,0.437,0.446,0.436,0.437,2.29,21.39,0.94,-21.19,765618.0,671314.0,2444672.0,3.85,2799311.0,4.41,-354639.0,-0.56,-1772305.0,-2.79,-672368.0,-1.06,-4683.0,0.441,0.442,671713904.0,296897546,296897546,2026-07-16,2026-07-16 16:11:42+08:00
562930,软件ETF易方达,0.712,0.7111,-0.13,0.008,1.14,685121.0,48727772.0,0.703,0.722,0.696,0.704,3.69,5.32,1.06,12.48,323485.0,361636.0,-5447920.0,-11.18,-4832351.0,-9.92,-615569.0,-1.26,4425012.0,9.08,1022908.0,2.1,-5187.0,0.712,0.713,1287437008.0,916655150,916655150,2026-07-16,2026-07-16 16:11:43+08:00
520940,港股通恒生ETF华安,0.993,0.9955,0.25,0.011,1.12,99535.0,9918930.0,0.991,1.001,0.989,0.982,1.22,42.72,1.08,-14.81,45540.0,53995.0,1043098.0,10.52,719980.0,7.26,323118.0,3.26,-1078531.0,-10.87,35434.0,0.36,-4.0,0.991,0.993,23297000.0,23133921,23133921,2026-07-16,2026-07-16 16:11:59+08:00
520960,恒指港股通ETF嘉实,0.901,0.9028,0.2,0.01,1.12,49562.0,4471187.0,0.899,0.907,0.898,0.891,1.01,7.92,1.39,-1.63,24877.0,24685.0,58984.0,1.32,225750.0,5.05,-166766.0,-3.73,-18014.0,-0.4,-40970.0,-0.92,34.0,0.898,0.901,62603400.0,56405663,56405663,2026-07-16,2026-07-16 16:11:48+08:00
159645,疫苗ETF富国,0.642,0.6426,0.09,0.007,1.1,118468.0,7580205.6,0.631,0.649,0.62,0.635,4.57,18.08,3.2,-18.76,87147.0,31321.0,86846.0,1.15,2572833.0,33.94,-2485987.0,-32.8,-121197.0,-1.6,34351.0,0.45,2.0,0.639,0.642,65540740.0,42077155,42077155,2026-07-16,2026-07-16 15:34:21+08:00
159056,医疗器械ETF富国,1.009,1.0142,0.51,0.011,1.1,380422.0,38561670.282,1.001,1.022,0.99,0.998,3.21,19.72,3.08,-47.6,216791.0,163631.0,9437479.0,24.47,7862123.0,20.39,1575356.0,4.09,-8371354.0,-21.71,-1066123.0,-2.76,-1830.0,1.009,1.011,192934358.0,194670767,194670767,2026-07-16,2026-07-16 15:34:42+08:00
159527,云计算ETF广发,2.208,2.2033,-0.21,0.024,1.1,90795.0,20028689.169,2.133,2.253,2.133,2.184,5.49,5.6,0.44,80.55,53160.0,37635.0,-447671.0,-2.24,-1354399.0,-6.76,906728.0,4.53,87783.0,0.44,359887.0,1.8,-362.0,2.208,2.21,162100450.0,357917794,357917794,2026-07-16,2026-07-16 15:34:12+08:00
159920,恒生ETF华夏,1.484,1.4803,-0.25,0.016,1.09,4168538.0,619960291.792,1.478,1.497,1.478,1.468,1.29,6.52,0.9,-9.69,2031084.0,2137454.0,-32131988.0,-5.18,-63874925.0,-10.3,31742937.0,5.12,19753850.0,3.19,12378139.0,2.0,-15700.0,1.484,1.485,6391559168.0,9485073805,9485073805,2026-07-16,2026-07-16 15:34:45+08:00
510900,恒生中国企业ETF易方达,1.031,1.0337,0.26,0.011,1.08,2979312.0,308219652.0,1.022,1.044,1.021,1.02,2.25,8.57,1.52,-59.71,1238548.0,1740764.0,-15391613.0,-4.99,-30240326.0,-9.81,14848713.0,4.82,15666259.0,5.08,-274647.0,-0.09,-3535.0,1.03,1.031,3476021904.0,3583778583,3583778583,2026-07-16,2026-07-16 16:11:53+08:00
516110,汽车ETF国泰,1.137,1.1331,-0.34,0.012,1.07,313759.0,35537056.0,1.118,1.143,1.113,1.125,2.67,13.2,0.98,0.28,137498.0,176261.0,39051.0,0.11,2157620.0,6.07,-2118569.0,-5.96,-815495.0,-2.29,776443.0,2.18,-573.0,1.136,1.137,237623100.0,270177465,270177465,2026-07-16,2026-07-16 16:11:35+08:00
512600,消费ETF嘉实,0.568,0.5672,-0.14,0.006,1.07,491931.0,27742452.0,0.557,0.571,0.557,0.562,2.49,3.03,1.3,10.46,245957.0,245974.0,-3156832.0,-11.38,-7320991.0,-26.39,4164159.0,15.01,3786010.0,13.65,-629180.0,-2.27,-198.0,0.568,0.569,1623256096.0,922009463,922009463,2026-07-16,2026-07-16 16:11:40+08:00
515060,房地产ETF华夏,0.58,0.579,-0.17,0.006,1.05,932205.0,53849352.0,0.57,0.584,0.566,0.574,3.14,10.49,1.28,-1.63,418298.0,513907.0,-1659552.0,-3.08,2474453.0,4.6,-4134005.0,-7.68,711502.0,1.32,948049.0,1.76,-8677.0,0.579,0.58,888478096.0,515317296,515317296,2026-07-16,2026-07-16 16:11:33+08:00
159365,恒指港股通ETF富国,0.987,0.9897,0.27,0.01,1.02,17304.0,1712146.4,0.987,0.996,0.984,0.977,1.23,3.25,0.71,6.05,11813.0,5491.0,-18572.0,-1.08,-496826.0,-29.02,478254.0,27.93,65301.0,3.81,-46727.0,-2.73,-100.0,0.985,0.99,53162398.0,52471287,52471287,2026-07-16,2026-07-16 15:34:54+08:00
159890,云计算ETF招商,1.775,1.7726,-0.14,0.018,1.02,301821.0,53883708.6,1.727,1.818,1.72,1.757,5.58,11.95,0.75,-3.04,133927.0,167894.0,4907851.0,9.11,6747451.0,12.52,-1839600.0,-3.41,-3550860.0,-6.59,-1356991.0,-2.52,-1389.0,1.775,1.776,252590688.0,448348471,448348471,2026-07-16,2026-07-16 15:34:18+08:00
159318,恒指港股通ETF银华,1.294,1.2989,0.38,0.013,1.01,7149.0,926858.2,1.285,1.305,1.285,1.281,1.56,4.06,0.5,-46.62,5533.0,1616.0,-81643.0,-8.81,0.0,0.0,-81643.0,-8.81,38949.0,4.2,42694.0,4.61,21.0,1.292,1.297,17601647.0,22776531,22776531,2026-07-16,2026-07-16 15:34:39+08:00
159057,医疗器械ETF鹏华,1.013,1.0161,0.31,0.01,1.0,216986.0,22007929.571,1.003,1.022,0.988,1.003,3.39,23.92,3.32,-66.36,123996.0,92990.0,3386608.0,15.39,5159423.0,23.44,-1772815.0,-8.06,-2906467.0,-13.21,-480142.0,-2.18,-1.0,1.008,1.014,90715334.0,91894633,91894633,2026-07-16,2026-07-16 15:34:45+08:00
159520,消费龙头ETF工银,0.915,0.9137,-0.14,0.009,0.99,44310.0,4039630.0,0.909,0.918,0.902,0.906,1.77,2.82,1.23,-25.47,23011.0,21299.0,-401639.0,-9.94,-963194.0,-23.84,561555.0,13.9,291334.0,7.21,110306.0,2.73,20.0,0.914,0.915,157177649.0,143817549,143817549,2026-07-16,2026-07-16 15:34:12+08:00
159689,消费ETF南方,0.627,0.6269,-0.02,0.006,0.97,89592.0,5592784.4,0.62,0.631,0.617,0.621,2.25,10.91,3.43,2.71,54816.0,34776.0,-682708.0,-12.21,1390314.0,24.86,-2073022.0,-37.07,480509.0,8.59,202199.0,3.62,101.0,0.626,0.627,82147787.0,51506662,51506662,2026-07-16,2026-07-16 15:34:33+08:00
560680,消费ETF广发,0.731,0.7303,-0.1,0.007,0.97,341590.0,24859658.0,0.726,0.735,0.719,0.724,2.21,10.52,1.7,-9.0,163668.0,177922.0,-2514435.0,-10.11,-2271366.0,-9.14,-243069.0,-0.98,1336759.0,5.38,1177676.0,4.74,-4000.0,0.731,0.732,324725600.0,237374414,237374414,2026-07-16,2026-07-16 16:12:01+08:00
159798,消费ETF易方达,0.843,0.8408,-0.26,0.008,0.96,242908.0,20405719.7,0.837,0.846,0.829,0.835,2.04,14.52,1.55,8.26,127202.0,115706.0,-3235926.0,-15.86,-4235626.0,-20.76,999700.0,4.9,1789253.0,8.77,1446673.0,7.09,1429.0,0.841,0.843,167245390.0,140987864,140987864,2026-07-16,2026-07-16 15:34:36+08:00
560790,软件ETF鹏华,0.839,0.84,0.12,0.008,0.96,25930.0,2179067.0,0.825,0.852,0.822,0.831,3.61,1.14,0.62,-26.25,14966.0,10964.0,613608.0,28.16,0.0,0.0,613608.0,28.16,-572543.0,-26.27,-41065.0,-1.88,-100.0,0.838,0.839,227455900.0,190835500,190835500,2026-07-16,2026-07-16 16:12:00+08:00
512690,酒ETF鹏华,0.42,0.4196,-0.1,0.004,0.96,26017233.0,1086771713.0,0.414,0.423,0.412,0.416,2.64,7.58,1.3,-29.93,13955176.0,12062057.0,25878637.0,2.38,64342416.0,5.92,-38463779.0,-3.54,-17909328.0,-1.65,-7969310.0,-0.73,-315739.0,0.42,0.421,34305550336.0,14408331141,14408331141,2026-07-16,2026-07-16 16:11:39+08:00
515650,消费50ETF富国,1.049,1.0482,-0.08,0.01,0.96,840996.0,88002905.0,1.037,1.053,1.035,1.039,1.73,2.73,1.61,-22.41,526865.0,314131.0,-4403426.0,-5.0,-5896324.0,-6.7,1492898.0,1.7,3870556.0,4.4,532869.0,0.61,-3689.0,1.049,1.05,3077184000.0,3227966016,3227966016,2026-07-16,2026-07-16 16:11:43+08:00
516630,云计算ETF华夏,1.699,1.6957,-0.19,0.016,0.95,449427.0,76433532.0,1.651,1.737,1.648,1.683,5.29,7.99,0.72,-18.1,234536.0,214891.0,4702500.0,6.15,8572905.0,11.22,-3870405.0,-5.06,-2823491.0,-3.69,-1879009.0,-2.46,-926.0,1.698,1.699,562156000.0,955103044,955103044,2026-07-16,2026-07-16 16:11:40+08:00
561010,软件ETF华安,0.857,0.8563,-0.08,0.008,0.94,98135.0,8392408.0,0.84,0.868,0.839,0.849,3.42,3.94,0.79,0.02,48976.0,49159.0,-403119.0,-4.8,318321.0,3.79,-721440.0,-8.6,68458.0,0.82,334662.0,3.99,-238.0,0.856,0.857,249356000.0,213698092,213698092,2026-07-16,2026-07-16 16:11:55+08:00
516560,养老ETF华宝,0.763,0.7643,0.17,0.007,0.93,96416.0,7322122.0,0.756,0.768,0.742,0.756,3.44,4.49,1.36,2.76,50829.0,45587.0,297834.0,4.07,-19256.0,-0.26,317090.0,4.33,311479.0,4.25,-609313.0,-8.32,-188.0,0.763,0.764,214758000.0,163860354,163860354,2026-07-16,2026-07-16 16:11:45+08:00
512620,农业ETF天弘,0.864,0.8655,0.17,0.008,0.93,94557.0,8168148.0,0.857,0.871,0.856,0.856,1.75,0.69,0.33,10.94,54840.0,39717.0,118012.0,1.44,-41045.0,-0.5,159057.0,1.95,-61797.0,-0.76,-56216.0,-0.69,-56.0,0.864,0.865,1368666000.0,1182527424,1182527424,2026-07-16,2026-07-16 16:11:59+08:00
159117,港股通红利低波ETF鹏华,0.985,0.9845,-0.05,0.009,0.92,37447.0,3683918.0,0.98,0.987,0.98,0.976,0.72,6.0,0.74,-27.82,15679.0,21768.0,219328.0,5.95,409639.0,11.12,-190311.0,-5.17,-270641.0,-7.35,51313.0,1.39,1.0,0.981,0.985,62401153.0,61465136,61465136,2026-07-16,2026-07-16 15:34:48+08:00
159068,软件ETF华夏,0.983,0.9845,0.15,0.009,0.92,38824.0,3828990.867,0.963,0.999,0.963,0.974,3.7,3.07,0.2,-69.34,20695.0,18129.0,88532.0,2.31,-470925.0,-12.3,559457.0,14.61,-121657.0,-3.18,33126.0,0.87,0.0,0.984,0.987,126336570.0,124188848,124188848,2026-07-16,2026-07-16 15:34:42+08:00
159739,云计算ETF鹏华,1.649,1.645,-0.24,0.015,0.92,209377.0,34572358.0,1.612,1.685,1.601,1.634,5.14,8.45,0.56,49.49,111838.0,97539.0,323119.0,0.93,0.0,0.0,323119.0,0.93,-1114744.0,-3.22,791625.0,2.29,-345.0,1.649,1.65,247780615.0,408590234,408590234,2026-07-16,2026-07-16 15:34:27+08:00
159827,农业ETF银华,0.767,0.7677,0.09,0.007,0.92,25883.0,1984217.1,0.757,0.773,0.757,0.76,2.11,2.85,0.83,-9.72,12703.0,13180.0,-125881.0,-6.34,52514.0,2.65,-178395.0,-8.99,23575.0,1.19,102305.0,5.16,294.0,0.766,0.767,90716463.0,69579527,69579527,2026-07-16,2026-07-16 15:34:33+08:00
513990,港股通ETF招商,1.103,1.1085,0.5,0.01,0.91,164121.0,18133424.0,1.098,1.114,1.098,1.093,1.46,22.79,0.69,9.48,83099.0,81022.0,703863.0,3.88,-267762.0,-1.48,971625.0,5.36,-759957.0,-4.19,56094.0,0.31,-1820.0,1.103,1.104,72000000.0,79416000,79416000,2026-07-16,2026-07-16 16:11:43+08:00
517130,云计算ETF嘉实,1.005,1.0061,0.11,0.009,0.9,125997.0,12707710.0,0.99,1.024,0.98,0.996,4.42,6.19,0.52,12.37,77773.0,48224.0,1721389.0,13.55,2830547.0,22.27,-1109158.0,-8.73,-1173344.0,-9.23,-548047.0,-4.31,-641.0,1.004,1.005,203654000.0,204672270,204672270,2026-07-16,2026-07-16 16:11:59+08:00
562050,药ETF华宝,1.024,1.0228,-0.12,0.009,0.89,272960.0,27720218.0,1.002,1.036,0.986,1.015,4.93,18.64,0.62,4.35,128610.0,144350.0,4111601.0,14.83,5121772.0,18.48,-1010171.0,-3.64,-3526031.0,-12.72,-585571.0,-2.11,-4905.0,1.024,1.026,146468000.0,149983232,149983232,2026-07-16,2026-07-16 16:11:42+08:00
159586,计算机ETF南方,1.035,1.0354,0.04,0.009,0.88,105965.0,10976403.2,1.028,1.051,1.017,1.026,3.31,4.65,0.85,-55.13,57159.0,48806.0,604124.0,5.5,359649.0,3.28,244475.0,2.23,-357588.0,-3.26,-246536.0,-2.25,470.0,1.034,1.035,228025923.0,236006830,236006830,2026-07-16,2026-07-16 15:34:42+08:00
159322,黄金股ETF平安,1.381,1.3789,-0.15,0.012,0.88,50198.0,6946746.4,1.347,1.409,1.347,1.369,4.53,4.1,0.76,6.18,27600.0,22598.0,-114092.0,-1.64,0.0,0.0,-114092.0,-1.64,213428.0,3.07,-99336.0,-1.43,-152.0,1.381,1.382,122411691.0,169050545,169050545,2026-07-16,2026-07-16 15:34:03+08:00
159899,软件ETF招商,0.694,0.6921,-0.27,0.006,0.87,356741.0,24711175.58,0.687,0.702,0.677,0.688,3.63,4.32,1.12,-30.66,218010.0,138731.0,-2357354.0,-9.54,1500319.0,6.07,-3857673.0,-15.61,-19238.0,-0.08,2376592.0,9.62,-2316.0,0.694,0.695,824977728.0,572534543,572534543,2026-07-16,2026-07-16 15:34:30+08:00
159512,汽车ETF广发,1.059,1.0558,-0.3,0.009,0.86,100243.0,10595988.7,1.05,1.069,1.038,1.05,2.95,16.36,0.91,79.19,55460.0,44783.0,-1615477.0,-15.25,-2538910.0,-23.96,923433.0,8.71,1046574.0,9.88,568904.0,5.37,92.0,1.058,1.059,61264855.0,64879481,64879481,2026-07-16,2026-07-16 15:34:03+08:00
159825,农业ETF富国,0.711,0.7105,-0.07,0.006,0.85,1741417.0,123570356.636,0.701,0.716,0.7,0.705,2.27,7.63,1.4,-38.72,721729.0,1019688.0,3896542.0,3.15,11752574.0,9.51,-7856032.0,-6.36,-1379019.0,-1.12,-2517522.0,-2.04,-5471.0,0.711,0.712,2281077408.0,1621846037,1621846037,2026-07-16,2026-07-16 15:34:39+08:00
159271,恒生ETF鹏华,0.956,0.9528,-0.34,0.008,0.84,80464.0,7705324.1,0.948,0.965,0.948,0.948,1.79,1.69,1.18,-4.3,48878.0,31586.0,-939964.0,-12.2,0.0,0.0,-939964.0,-12.2,-474401.0,-6.16,1414365.0,18.36,5.0,0.953,0.956,476386736.0,455425720,455425720,2026-07-16,2026-07-16 15:34:36+08:00
159103,金融科技ETF汇添富,0.635,0.6343,-0.11,0.005,0.79,111499.0,7060179.909,0.626,0.639,0.622,0.63,2.7,3.35,1.0,-45.45,68538.0,42961.0,1226618.0,17.37,381303.0,5.4,845315.0,11.97,-627664.0,-8.89,-598954.0,-8.48,331.0,0.634,0.635,332406768.0,211078298,211078298,2026-07-16,2026-07-16 15:34:54+08:00
513630,港股低波红利ETF摩根,1.555,1.5481,-0.45,0.012,0.78,3283196.0,509679420.0,1.546,1.569,1.542,1.543,1.75,4.2,1.13,-13.03,1440715.0,1842481.0,41441363.0,8.13,47527826.0,9.33,-6086463.0,-1.19,-30269429.0,-5.94,-11171933.0,-2.19,-6147.0,1.554,1.555,7812358912.0,12148218108,12148218108,2026-07-16,2026-07-16 16:11:49+08:00
159036,软件开发ETF华宝,0.916,0.9177,0.19,0.007,0.77,178396.0,16419318.623,0.908,0.931,0.9,0.909,3.41,5.39,0.87,47.73,99618.0,78777.0,959132.0,5.84,825344.0,5.03,133788.0,0.81,-922151.0,-5.62,-36981.0,-0.23,-485.0,0.916,0.918,330740160.0,302957987,302957987,2026-07-16,2026-07-16 15:34:24+08:00
520610,港股红利低波ETF银华,0.918,0.9182,0.02,0.007,0.77,13182.0,1209685.0,0.911,0.922,0.911,0.911,1.21,0.52,0.29,-16.22,8284.0,4898.0,53867.0,4.45,-259277.0,-21.43,313144.0,25.89,88777.0,7.34,-142643.0,-11.79,-37.0,0.918,0.919,254963000.0,234056034,234056034,2026-07-16,2026-07-16 16:11:46+08:00
159847,医疗ETF易方达,0.397,0.396,-0.25,0.003,0.76,1204538.0,47661703.2,0.393,0.401,0.385,0.394,4.06,2.89,1.29,-44.47,591428.0,613110.0,1697554.0,3.56,1115616.0,2.34,581938.0,1.22,-1764360.0,-3.7,66807.0,0.14,2000.0,0.396,0.397,4168825360.0,1655023668,1655023668,2026-07-16,2026-07-16 15:34:45+08:00
159143,港股通央企红利ETF平安,0.927,0.9254,-0.17,0.007,0.76,13927.0,1291045.7,0.923,0.931,0.922,0.92,0.98,2.46,0.84,-46.57,3684.0,10243.0,-14420.0,-1.12,0.0,0.0,-14420.0,-1.12,25844.0,2.0,-11425.0,-0.88,23.0,0.926,0.927,56554456.0,52425981,52425981,2026-07-16,2026-07-16 15:34:00+08:00
159118,港股通红利低波ETF华夏,0.939,0.9394,0.04,0.007,0.75,19694.0,1849034.9,0.938,0.943,0.934,0.932,0.97,2.79,0.62,-13.96,10726.0,8968.0,377276.0,20.4,0.0,0.0,377276.0,20.4,-370009.0,-20.01,-7268.0,-0.39,1.0,0.935,0.939,70677020.0,66365722,66365722,2026-07-16,2026-07-16 15:34:51+08:00
517400,黄金股ETF国泰,1.348,1.3479,-0.01,0.01,0.75,227551.0,30811560.0,1.32,1.375,1.32,1.338,4.11,2.51,0.76,39.4,114113.0,113438.0,-2166295.0,-7.03,1874469.0,6.08,-4040764.0,-13.11,2404124.0,7.8,-237830.0,-0.77,-754.0,1.348,1.349,907792000.0,1223703616,1223703616,2026-07-16,2026-07-16 16:11:53+08:00
560360,软件ETF万家,1.231,1.2313,0.02,0.009,0.74,73443.0,8997469.0,1.214,1.249,1.208,1.222,3.36,3.65,1.14,-30.79,45145.0,28298.0,-3743322.0,-41.6,-3903448.0,-43.38,160126.0,1.78,3430569.0,38.13,312753.0,3.48,-159.0,1.231,1.232,201345000.0,247855695,247855695,2026-07-16,2026-07-16 16:11:48+08:00
517390,云计算ETF天弘,2.032,2.0309,-0.05,0.015,0.74,47135.0,9588584.0,2.01,2.072,1.989,2.017,4.12,3.57,0.57,-1.84,26988.0,20147.0,-806741.0,-8.41,0.0,0.0,-806741.0,-8.41,937839.0,9.78,-131097.0,-1.37,-501.0,2.028,2.032,132112600.0,268452803,268452803,2026-07-16,2026-07-16 16:11:56+08:00
513850,美国50ETF易方达,1.799,1.7372,-3.56,0.013,0.73,496551.0,89430604.0,1.784,1.811,1.781,1.786,1.68,4.1,1.39,-23.53,248134.0,248417.0,6554370.0,7.33,8946383.0,10.0,-2392013.0,-2.67,-567587.0,-0.63,-5986782.0,-6.69,-4231.0,1.798,1.799,1209892608.0,2176596802,2176596802,2026-07-16,2026-07-16 16:11:51+08:00
513650,标普500ETF南方,1.945,1.8524,-5.0,0.014,0.73,2636591.0,511557719.0,1.928,1.952,1.925,1.931,1.4,6.17,1.74,-41.91,1415323.0,1221268.0,-18817450.0,-3.68,-3974652.0,-0.78,-14842798.0,-2.9,20973072.0,4.1,-2155622.0,-0.42,-8684.0,1.945,1.946,4271734000.0,8308522630,8308522630,2026-07-16,2026-07-16 16:11:48+08:00
159852,软件ETF嘉实,0.687,0.6872,0.03,0.005,0.73,5656076.0,387741277.802,0.674,0.697,0.672,0.682,3.67,4.86,0.94,3.58,2877292.0,2778784.0,-12437134.0,-3.21,-25013476.0,-6.45,12576342.0,3.24,12119105.0,3.13,318030.0,0.08,-21902.0,0.687,0.688,11633623808.0,7992299556,7992299556,2026-07-16,2026-07-16 15:34:00+08:00
513950,恒生红利ETF富国,1.24,1.2366,-0.27,0.009,0.73,329212.0,40780822.0,1.233,1.245,1.232,1.231,1.06,1.54,0.55,-1.75,163066.0,166146.0,-26561.0,-0.07,-554497.0,-1.36,527936.0,1.29,-352908.0,-0.87,379469.0,0.93,-778.0,1.239,1.24,2131619008.0,2643207570,2643207570,2026-07-16,2026-07-16 16:11:56+08:00
516100,金融科技ETF华夏,0.989,0.9886,-0.04,0.007,0.71,270934.0,26712451.0,0.982,0.996,0.969,0.982,2.75,2.42,0.73,-1.47,142570.0,128364.0,1515615.0,5.67,4837994.0,18.11,-3322379.0,-12.44,-964260.0,-3.61,-551355.0,-2.06,-1911.0,0.989,0.99,1119759696.0,1107442339,1107442339,2026-07-16,2026-07-16 16:11:57+08:00
159670,消费50ETF国联安,0.855,0.8554,0.05,0.006,0.71,46317.0,3942529.2,0.849,0.859,0.847,0.849,1.41,8.03,1.68,5.44,21592.0,24725.0,-29814.0,-0.76,25759.0,0.65,-55573.0,-1.41,88479.0,2.24,-58665.0,-1.49,130.0,0.852,0.855,57706921.0,49339417,49339417,2026-07-16,2026-07-16 15:34:57+08:00
560660,云计算50ETF新华,1.155,1.1579,0.25,0.008,0.7,105789.0,12229804.0,1.137,1.184,1.124,1.147,5.23,7.06,0.44,-49.24,59712.0,46077.0,-148814.0,-1.22,-119725.0,-0.98,-29089.0,-0.24,43299.0,0.35,105516.0,0.86,-1118.0,1.154,1.155,149938000.0,173178390,173178390,2026-07-16,2026-07-16 16:12:02+08:00
159545,恒生红利低波ETF易方达,1.29,1.2848,-0.4,0.009,0.7,746014.0,96254385.9,1.285,1.295,1.285,1.281,0.78,1.52,0.72,10.55,331344.0,414670.0,1763348.0,1.83,13754642.0,14.29,-11991294.0,-12.46,-2342623.0,-2.43,579274.0,0.6,3163.0,1.288,1.29,4921603584.0,6348868623,6348868623,2026-07-16,2026-07-16 15:34:24+08:00
159736,食品饮料ETF天弘,0.583,0.5827,-0.05,0.004,0.69,602418.0,35021666.6,0.578,0.586,0.574,0.579,2.07,0.82,1.37,-10.44,361656.0,240762.0,-492886.0,-1.41,-1848192.0,-5.28,1355306.0,3.87,358022.0,1.02,134864.0,0.39,-481.0,0.583,0.584,7380394496.0,4302769991,4302769991,2026-07-16,2026-07-16 15:34:09+08:00
159655,标普500ETF华夏,1.957,1.8668,-4.83,0.013,0.67,550107.0,107347522.9,1.94,1.96,1.94,1.944,1.03,2.58,1.32,-40.98,307847.0,242260.0,16614233.0,15.48,6588850.0,6.14,10025383.0,9.34,-8165768.0,-7.61,-8448466.0,-7.87,-4477.0,1.957,1.958,2134143040.0,4176517929,4176517929,2026-07-16,2026-07-16 15:34:45+08:00
562530,中证1000价值ETF华夏,1.224,1.2229,-0.09,0.008,0.66,42858.0,5217035.0,1.216,1.227,1.207,1.216,1.64,10.42,1.04,1.35,20571.0,22287.0,489673.0,9.39,0.0,0.0,489673.0,9.39,345308.0,6.62,-834981.0,-16.0,-5.0,1.224,1.225,41144000.0,50360256,50360256,2026-07-16,2026-07-16 16:11:34+08:00
515170,食品饮料ETF华夏,0.462,0.4617,-0.06,0.003,0.65,2662311.0,122609951.0,0.457,0.465,0.455,0.459,2.18,2.91,1.15,-26.22,1371231.0,1291080.0,-1713038.0,-1.4,-621044.0,-0.51,-1091994.0,-0.89,867910.0,0.71,845129.0,0.69,-15760.0,0.461,0.462,9136758016.0,4221182203,4221182203,2026-07-16,2026-07-16 16:11:37+08:00
159672,消费ETF博时,0.625,0.6249,-0.02,0.004,0.64,123018.0,7653894.7,0.622,0.629,0.614,0.621,2.42,9.4,1.81,5.68,58425.0,64593.0,-1057111.0,-13.81,-142924.0,-1.87,-914187.0,-11.94,865914.0,11.31,191197.0,2.5,200.0,0.625,0.626,130887409.0,81804631,81804631,2026-07-16,2026-07-16 15:34:00+08:00
515710,食品饮料ETF华宝,0.494,0.4935,-0.1,0.003,0.61,823861.0,40608472.0,0.49,0.497,0.487,0.491,2.04,3.37,1.32,-10.96,428684.0,395177.0,3162333.0,7.79,6541170.0,16.11,-3378837.0,-8.32,-2747847.0,-6.77,-414485.0,-1.02,-728.0,0.493,0.494,2447599808.0,1209114305,1209114305,2026-07-16,2026-07-16 16:11:50+08:00
159299,金融科技ETF易方达,0.665,0.6639,-0.17,0.004,0.61,288516.0,19117358.7,0.652,0.669,0.651,0.661,2.72,4.08,0.84,-36.15,147087.0,141429.0,263494.0,1.38,1450936.0,7.59,-1187442.0,-6.21,-35661.0,-0.19,-227833.0,-1.19,1141.0,0.664,0.665,706472976.0,469804529,469804529,2026-07-16,2026-07-16 15:34:24+08:00
159562,黄金股ETF华夏,1.857,1.8566,-0.02,0.011,0.6,596350.0,111278998.7,1.835,1.895,1.828,1.846,3.63,2.78,0.73,68.01,307939.0,288411.0,545821.0,0.49,6874457.0,6.18,-6328636.0,-5.69,-2787527.0,-2.5,2241706.0,2.01,-1301.0,1.857,1.858,2142130512.0,3977936361,3977936361,2026-07-16,2026-07-16 15:34:30+08:00
512720,计算机ETF国泰,1.214,1.2148,0.07,0.007,0.58,302302.0,36887689.0,1.191,1.245,1.186,1.207,4.89,7.64,0.85,-12.25,105889.0,196413.0,10125528.0,27.45,6476054.0,17.56,3649474.0,9.89,-1592763.0,-4.32,-8532765.0,-23.13,-462.0,1.214,1.216,395453408.0,480080437,480080437,2026-07-16,2026-07-16 16:11:49+08:00
159862,食品饮料ETF银华,0.54,0.5405,0.09,0.003,0.56,106747.0,5751396.341,0.536,0.544,0.53,0.537,2.61,3.09,1.61,-86.05,59880.0,46867.0,47699.0,0.83,1519859.0,26.43,-1472160.0,-25.6,-108315.0,-1.88,60615.0,1.05,-354.0,0.54,0.541,345000624.0,186300337,186300337,2026-07-16,2026-07-16 15:34:12+08:00
159151,食品ETF华夏,0.911,0.9075,-0.39,0.005,0.55,130252.0,11830774.299,0.902,0.914,0.899,0.906,1.66,9.21,0.88,-13.64,59755.0,70497.0,265911.0,2.25,635082.0,5.37,-369171.0,-3.12,-796455.0,-6.73,530542.0,4.48,975.0,0.909,0.911,141451063.0,128861918,128861918,2026-07-16,2026-07-16 15:34:09+08:00
562510,旅游ETF华夏,0.563,0.5626,-0.07,0.003,0.54,899586.0,50498348.0,0.558,0.568,0.553,0.56,2.68,7.96,0.94,10.85,472971.0,426615.0,-2154955.0,-4.27,-3418563.0,-6.77,1263608.0,2.5,1151976.0,2.28,1002979.0,1.99,-7997.0,0.563,0.564,1130095008.0,636243490,636243490,2026-07-16,2026-07-16 16:11:37+08:00
516010,游戏ETF国泰,1.112,1.1087,-0.3,0.006,0.54,1290139.0,143062549.0,1.105,1.127,1.082,1.106,4.07,5.35,0.94,65.89,540018.0,750121.0,-4123256.0,-2.88,-5198873.0,-3.63,1075617.0,0.75,-1379397.0,-0.96,5502654.0,3.85,-3329.0,1.111,1.112,2413693008.0,2684026625,2684026625,2026-07-16,2026-07-16 16:11:49+08:00
159766,旅游ETF富国,0.555,0.5542,-0.14,0.003,0.54,2615917.0,144573301.541,0.548,0.559,0.545,0.552,2.54,4.72,0.75,-52.18,1292700.0,1323217.0,-4771536.0,-3.3,-5475931.0,-3.79,704395.0,0.49,3359422.0,2.32,1412113.0,0.98,-54413.0,0.555,0.556,5540141056.0,3074778286,3074778286,2026-07-16,2026-07-16 15:34:18+08:00
520890,港股通红利低波ETF华泰柏瑞,1.292,1.2938,0.14,0.007,0.54,195618.0,25320067.0,1.29,1.301,1.29,1.285,0.86,25.57,0.88,-4.22,100624.0,94994.0,-650589.0,-2.57,721323.0,2.85,-1371912.0,-5.42,636283.0,2.51,14306.0,0.06,-20.0,1.292,1.293,76508000.0,98848336,98848336,2026-07-16,2026-07-16 16:11:51+08:00
159643,疫苗ETF国泰,0.573,0.5739,0.16,0.003,0.53,216590.0,12351634.4,0.566,0.581,0.555,0.57,4.56,7.89,1.09,51.0,86374.0,130216.0,1479345.0,11.98,1675934.0,13.57,-196589.0,-1.59,-1142855.0,-9.25,-336489.0,-2.72,-376.0,0.573,0.574,274390624.0,157225828,157225828,2026-07-16,2026-07-16 15:34:18+08:00
513080,法国ETF华安,1.748,1.7432,-0.28,0.009,0.52,187634.0,32736526.0,1.736,1.751,1.734,1.739,0.98,2.94,0.63,-18.73,112410.0,75224.0,-390790.0,-1.19,-462192.0,-1.41,71402.0,0.22,-3388012.0,-10.35,3778804.0,11.54,-1222.0,1.747,1.748,638416000.0,1115951168,1115951168,2026-07-16,2026-07-16 16:11:49+08:00
159851,金融科技ETF华宝,0.596,0.5959,-0.02,0.003,0.51,3468655.0,206293642.805,0.589,0.601,0.584,0.593,2.87,3.27,0.75,-17.37,1662722.0,1805933.0,16734823.0,8.11,18778324.0,9.1,-2043501.0,-0.99,-7077037.0,-3.43,-9657786.0,-4.68,31145.0,0.595,0.596,10610904064.0,6324098822,6324098822,2026-07-16,2026-07-16 15:34:51+08:00
513500,标普500ETF博时,2.577,2.4325,-5.94,0.013,0.51,1318423.0,339076631.0,2.564,2.579,2.557,2.564,0.86,1.31,0.99,-3.31,737098.0,581325.0,29223498.0,8.62,18923787.0,5.58,10299711.0,3.04,-48052254.0,-14.17,18828755.0,5.55,-8441.0,2.577,2.578,10057638656.0,25918534817,25918534817,2026-07-16,2026-07-16 16:11:43+08:00
159760,医疗健康ETF泰康,0.602,0.6034,0.23,0.003,0.5,53990.0,3249145.594,0.595,0.611,0.585,0.599,4.34,3.85,1.42,-43.04,29804.0,24186.0,168648.0,5.19,0.0,0.0,168648.0,5.19,-259894.0,-8.0,91246.0,2.81,420.0,0.598,0.602,140360223.0,84496854,84496854,2026-07-16,2026-07-16 15:34:27+08:00
159577,美国50ETF汇添富,1.61,1.5625,-3.04,0.008,0.5,793787.0,127893767.232,1.601,1.618,1.598,1.602,1.25,10.0,1.86,-50.37,380498.0,413289.0,11883766.0,9.29,609885.0,0.48,11273881.0,8.82,-12840022.0,-10.04,956256.0,0.75,6454.0,1.609,1.61,793665792.0,1277801925,1277801925,2026-07-16,2026-07-16 15:34:06+08:00
516860,金融科技ETF博时,1.024,1.0246,0.06,0.005,0.49,472581.0,48278485.0,1.011,1.032,1.005,1.019,2.65,3.89,0.75,23.44,249319.0,223262.0,4160298.0,8.62,-99601.0,-0.21,4259899.0,8.82,-3533897.0,-7.32,-626400.0,-1.3,-3884.0,1.023,1.024,1215522000.0,1244694528,1244694528,2026-07-16,2026-07-16 16:11:45+08:00
159657,疫苗ETF鹏华,0.62,0.6226,0.42,0.003,0.49,73396.0,4539388.6,0.614,0.631,0.602,0.617,4.7,4.38,1.68,-31.28,47782.0,25614.0,-501413.0,-11.05,-359285.0,-7.91,-142128.0,-3.13,445073.0,9.8,56340.0,1.24,-10.0,0.621,0.622,167514819.0,103859188,103859188,2026-07-16,2026-07-16 15:34:15+08:00
159828,医疗ETF国泰,0.415,0.4156,0.14,0.002,0.48,2662574.0,110374696.708,0.413,0.421,0.404,0.413,4.12,4.63,0.96,-5.43,1222421.0,1440153.0,8665315.0,7.85,14895588.0,13.5,-6230273.0,-5.64,-7645966.0,-6.93,-1019349.0,-0.92,3767.0,0.414,0.415,5749439488.0,2386017388,2386017388,2026-07-16,2026-07-16 15:34:36+08:00
520550,港股红利低波ETF招商,1.07,1.0672,-0.26,0.005,0.47,353796.0,37863236.0,1.066,1.076,1.065,1.065,1.03,3.13,0.8,14.31,167877.0,185919.0,-308124.0,-0.81,-273017.0,-0.72,-35107.0,-0.09,-214243.0,-0.57,522367.0,1.38,-6176.0,1.069,1.07,1131524000.0,1210730680,1210730680,2026-07-16,2026-07-16 16:11:41+08:00
563670,金融科技ETF鹏华,0.645,0.6439,-0.17,0.003,0.47,18299.0,1178712.0,0.635,0.648,0.632,0.642,2.49,0.96,0.59,-56.53,11111.0,7188.0,-59178.0,-5.02,489732.0,41.55,-548910.0,-46.57,74297.0,6.3,-15120.0,-1.28,-300.0,0.641,0.645,189987000.0,122541615,122541615,2026-07-16,2026-07-16 16:11:50+08:00
159613,信息安全ETF嘉实,0.879,0.8772,-0.21,0.004,0.46,232040.0,20473167.3,0.863,0.9,0.859,0.875,4.69,18.77,0.72,86.01,120556.0,111484.0,-1277067.0,-6.24,3144211.0,15.36,-4421278.0,-21.6,581571.0,2.84,695496.0,3.4,-626.0,0.879,0.88,123590217.0,108635801,108635801,2026-07-16,2026-07-16 15:34:57+08:00
516130,消费龙头ETF华宝,0.675,0.675,0.0,0.003,0.45,160281.0,10816007.0,0.672,0.679,0.669,0.672,1.49,1.04,1.15,2.94,79700.0,80581.0,-206008.0,-1.9,-958557.0,-8.86,752549.0,6.96,87391.0,0.81,118618.0,1.1,-1835.0,0.675,0.676,1546890000.0,1044150750,1044150750,2026-07-16,2026-07-16 16:11:35+08:00
562920,信息安全ETF易方达,0.929,0.931,0.21,0.004,0.43,80352.0,7518713.0,0.911,0.953,0.908,0.925,4.86,8.54,0.59,6.62,38252.0,42100.0,1009676.0,13.43,-11835.0,-0.16,1021511.0,13.59,-155172.0,-2.06,-854505.0,-11.37,-224.0,0.929,0.93,94069000.0,87390101,87390101,2026-07-16,2026-07-16 16:11:35+08:00
159980,有色ETF大成,2.091,2.0923,0.06,0.009,0.43,1522059.0,317169133.8,2.075,2.095,2.07,2.082,1.2,6.12,1.12,-23.07,711894.0,810165.0,14221417.0,4.48,38229148.0,12.05,-24007731.0,-7.57,-3583014.0,-1.13,-10638403.0,-3.35,-1652.0,2.091,2.092,2487824784.0,5202041623,5202041623,2026-07-16,2026-07-16 15:34:54+08:00
563850,食品ETF广发,0.934,0.9336,-0.04,0.004,0.43,20973.0,1954428.0,0.926,0.94,0.926,0.93,1.51,2.42,0.97,-0.12,9790.0,11183.0,116617.0,5.97,0.0,0.0,116617.0,5.97,-182225.0,-9.32,65607.0,3.36,-90.0,0.932,0.934,86681700.0,80960708,80960708,2026-07-16,2026-07-16 16:11:57+08:00
560720,红利低波100ETF工银,0.98,0.9794,-0.06,0.004,0.41,88533.0,8651440.0,0.976,0.988,0.97,0.976,1.84,4.8,1.02,-11.92,42841.0,45692.0,-418749.0,-4.84,-453896.0,-5.25,35147.0,0.41,362113.0,4.19,56636.0,0.65,-73.0,0.975,0.98,184548000.0,180857040,180857040,2026-07-16,2026-07-16 16:11:40+08:00
517520,黄金股ETF永赢,1.71,1.7078,-0.13,0.007,0.41,1912162.0,328445035.0,1.7,1.743,1.691,1.703,3.05,3.28,0.58,-9.81,900043.0,1012119.0,-22168476.0,-6.75,6321380.0,1.92,-28489856.0,-8.67,16281105.0,4.96,5887373.0,1.79,-3418.0,1.71,1.711,5831904000.0,9972555840,9972555840,2026-07-16,2026-07-16 16:11:37+08:00
159786,VRETF银华,1.269,1.2584,-0.84,0.005,0.4,218490.0,27771227.7,1.257,1.299,1.239,1.264,4.75,24.36,1.17,63.86,109343.0,109147.0,-738131.0,-2.66,-2015698.0,-7.26,1277567.0,4.6,67173.0,0.24,670957.0,2.42,-282.0,1.269,1.271,89701174.0,113830790,113830790,2026-07-16,2026-07-16 15:34:36+08:00
159529,标普消费ETF景顺,1.287,1.2783,-0.68,0.005,0.39,285756.0,36739941.7,1.282,1.29,1.282,1.282,0.62,3.52,1.18,21.01,145323.0,140433.0,2018535.0,5.49,1192512.0,3.25,826023.0,2.25,-1930614.0,-5.25,-87921.0,-0.24,1408.0,1.286,1.287,811536784.0,1044447841,1044447841,2026-07-16,2026-07-16 15:34:15+08:00
159321,黄金股ETF华安,1.312,1.3105,-0.11,0.005,0.38,223214.0,29416215.3,1.3,1.337,1.291,1.307,3.52,5.83,0.75,26.42,116712.0,106502.0,238337.0,0.81,725771.0,2.47,-487434.0,-1.66,67597.0,0.23,-305934.0,-1.04,568.0,1.311,1.312,382900400.0,502365325,502365325,2026-07-16,2026-07-16 15:34:00+08:00
510630,消费ETF华夏,0.794,0.7945,0.06,0.003,0.38,702801.0,55647025.0,0.793,0.799,0.784,0.791,1.9,12.82,1.06,10.31,332332.0,370469.0,-2024023.0,-3.64,-298591.0,-0.54,-1725432.0,-3.1,554838.0,1.0,1469185.0,2.64,-375.0,0.793,0.794,548361504.0,435399034,435399034,2026-07-16,2026-07-16 16:11:37+08:00
560520,红利低波100ETF大成,1.09,1.0918,0.16,0.004,0.37,3054.0,332630.0,1.087,1.094,1.087,1.086,0.64,0.9,1.6,2.25,155.0,2899.0,63329.0,19.04,-10677.0,-3.21,74006.0,22.25,-64665.0,-19.44,1337.0,0.4,-1500.0,1.088,1.093,33751000.0,36788590,36788590,2026-07-16,2026-07-16 16:11:46+08:00
513140,港股通金融ETF华泰柏瑞,1.631,1.6286,-0.15,0.006,0.37,348605.0,56885786.0,1.627,1.647,1.623,1.625,1.48,41.82,0.73,-57.44,162966.0,185639.0,43760.0,0.08,-5582992.0,-9.81,5626752.0,9.89,277784.0,0.49,-321543.0,-0.57,-125.0,1.631,1.632,83368000.0,135973208,135973208,2026-07-16,2026-07-16 16:11:47+08:00
159035,软件ETF天弘,0.823,0.8274,0.53,0.003,0.37,114617.0,9499331.705,0.818,0.84,0.812,0.82,3.41,3.06,0.84,96.28,59315.0,55302.0,254551.0,2.68,-1744.0,-0.02,256295.0,2.7,-406541.0,-4.28,151990.0,1.6,-1868.0,0.823,0.829,374859728.0,308509556,308509556,2026-07-16,2026-07-16 15:34:30+08:00
560260,医疗ETF广发,0.84,0.8386,-0.17,0.003,0.36,286030.0,23891205.0,0.834,0.851,0.818,0.837,3.94,1.52,2.34,-27.63,161616.0,124414.0,934650.0,3.91,633683.0,2.65,300967.0,1.26,-1271473.0,-5.32,336824.0,1.41,-1064.0,0.84,0.841,1883664704.0,1582278351,1582278351,2026-07-16,2026-07-16 16:12:01+08:00
159220,港股通红利低波ETF华宝,0.571,0.5708,-0.04,0.002,0.35,268608.0,15365801.7,0.57,0.575,0.569,0.569,1.05,5.65,0.84,28.98,123301.0,145307.0,-252513.0,-1.64,-306070.0,-1.99,53557.0,0.35,395714.0,2.58,-143201.0,-0.93,-2.0,0.571,0.572,475569520.0,271550196,271550196,2026-07-16,2026-07-16 15:34:15+08:00
517990,沪港深医药ETF招商,0.885,0.8879,0.33,0.003,0.34,54777.0,4844502.0,0.884,0.899,0.869,0.882,3.4,10.54,1.04,5.09,27759.0,27018.0,113366.0,2.34,895437.0,18.48,-782071.0,-16.14,123093.0,2.54,-236459.0,-4.88,-347.0,0.884,0.885,51987900.0,46009292,46009292,2026-07-16,2026-07-16 16:11:54+08:00
159266,港股央企红利ETF永赢,0.923,0.9242,0.13,0.003,0.33,89075.0,8240073.9,0.923,0.933,0.921,0.92,1.3,2.5,0.83,-74.61,43579.0,45496.0,-162373.0,-1.97,-323945.0,-3.93,161572.0,1.96,147339.0,1.79,15034.0,0.18,20.0,0.921,0.923,356710096.0,329243419,329243419,2026-07-16,2026-07-16 15:34:09+08:00
562060,标普A股红利ETF华宝,0.605,0.6037,-0.22,0.002,0.33,817380.0,49392719.0,0.603,0.608,0.599,0.603,1.49,1.49,1.17,-4.23,430907.0,386473.0,-1522701.0,-3.08,823051.0,1.67,-2345752.0,-4.75,1011233.0,2.05,511468.0,1.04,-901.0,0.604,0.605,5499792640.0,3327374547,3327374547,2026-07-16,2026-07-16 16:11:47+08:00
560130,食品ETF鹏华,0.906,0.9082,0.24,0.003,0.33,5378.0,487509.0,0.91,0.914,0.901,0.903,1.44,0.75,0.92,-10.81,2901.0,2477.0,58179.0,11.93,0.0,0.0,58179.0,11.93,-34104.0,-7.0,-24075.0,-4.94,884.0,0.904,0.908,71776200.0,65029237,65029237,2026-07-16,2026-07-16 16:11:59+08:00
159333,港股央企红利ETF万家,1.295,1.2946,-0.03,0.004,0.31,54424.0,7062089.5,1.293,1.306,1.292,1.291,1.08,2.53,0.39,-4.5,25850.0,28574.0,-87650.0,-1.24,0.0,0.0,-87650.0,-1.24,311545.0,4.41,-223896.0,-3.17,-62.0,1.295,1.296,214952835.0,278363921,278363921,2026-07-16,2026-07-16 15:34:27+08:00
515720,金融科技ETF富国,0.664,0.6647,0.11,0.002,0.3,132553.0,8788419.0,0.656,0.669,0.65,0.662,2.87,3.06,0.73,14.09,71314.0,61239.0,1315154.0,14.96,1859869.0,21.16,-544715.0,-6.2,-1187404.0,-13.51,-127750.0,-1.45,-251.0,0.664,0.665,433611008.0,287917709,287917709,2026-07-16,2026-07-16 16:11:47+08:00
512170,医疗ETF华宝,0.333,0.3338,0.24,0.001,0.3,33090632.0,1097178237.0,0.33,0.338,0.324,0.332,4.22,4.12,1.09,-9.6,14750144.0,18340488.0,22764096.0,2.07,28636624.0,2.61,-5872528.0,-0.54,-19444692.0,-1.77,-3319408.0,-0.3,-58315.0,0.332,0.333,80395821056.0,26771808412,26771808412,2026-07-16,2026-07-16 16:12:02+08:00
159869,游戏ETF华夏,1.12,1.1177,-0.21,0.003,0.27,7356090.0,822688838.007,1.113,1.136,1.092,1.117,3.94,9.01,0.95,77.11,3677153.0,3678937.0,-92216052.0,-11.21,-106763780.0,-12.98,14547728.0,1.77,71636139.0,8.71,20579907.0,2.5,-42997.0,1.12,1.121,8160082176.0,9139292037,9139292037,2026-07-16,2026-07-16 15:34:15+08:00
159107,创业板软件ETF富国,0.748,0.7479,-0.01,0.002,0.27,471924.0,35388043.8,0.742,0.763,0.735,0.746,3.75,7.11,0.91,31.81,222879.0,249045.0,-485361.0,-1.37,-2553351.0,-7.22,2067990.0,5.84,-127793.0,-0.36,613154.0,1.73,-2269.0,0.748,0.749,663823008.0,496539610,496539610,2026-07-16,2026-07-16 15:34:57+08:00
159616,农牧ETF建信,0.767,0.7665,-0.07,0.002,0.26,165406.0,12710521.6,0.767,0.772,0.761,0.765,1.44,23.44,0.84,-6.84,66081.0,99325.0,304781.0,2.4,0.0,0.0,304781.0,2.4,-377260.0,-2.97,72480.0,0.57,10.0,0.767,0.77,70561112.0,54120373,54120373,2026-07-16,2026-07-16 15:34:54+08:00
159612,标普500ETF国泰,2.013,1.909,-5.45,0.005,0.25,203391.0,40837572.9,1.997,2.014,1.997,2.008,0.85,4.57,1.58,54.17,124866.0,78525.0,4840444.0,11.85,213398.0,0.52,4627046.0,11.33,5495051.0,13.46,-10335496.0,-25.31,799.0,2.012,2.013,444898656.0,895580995,895580995,2026-07-16,2026-07-16 15:34:30+08:00
159569,港股红利低波ETF景顺,1.332,1.3278,-0.32,0.003,0.23,397479.0,52988087.1,1.329,1.344,1.324,1.329,1.5,11.72,0.89,82.86,223697.0,173782.0,481791.0,0.91,-4219778.0,-7.96,4701569.0,8.87,-419441.0,-0.79,-62351.0,-0.12,11.0,1.331,1.332,339147248.0,451744134,451744134,2026-07-16,2026-07-16 15:34:36+08:00
513400,道琼斯ETF鹏华,1.315,1.301,-1.08,0.003,0.23,2037430.0,267989411.0,1.31,1.322,1.307,1.312,1.14,8.59,0.94,43.09,1169175.0,868255.0,-24687327.0,-9.21,-36858274.0,-13.75,12170947.0,4.54,17710285.0,6.61,6977042.0,2.6,-9699.0,1.315,1.316,2372062000.0,3119261530,3119261530,2026-07-16,2026-07-16 16:11:40+08:00
159929,医药ETF汇添富,1.354,1.3551,0.08,0.003,0.22,1303478.0,175593927.2,1.339,1.373,1.318,1.351,4.07,7.39,1.21,16.87,621046.0,682432.0,6119018.0,3.48,17960643.0,10.23,-11841625.0,-6.74,-5718977.0,-3.26,-400041.0,-0.23,2296.0,1.353,1.354,1764204208.0,2388732498,2388732498,2026-07-16,2026-07-16 15:34:21+08:00
560160,食品ETF易方达,0.908,0.9097,0.19,0.002,0.22,23475.0,2134342.0,0.903,0.915,0.899,0.906,1.77,1.94,0.43,-5.8,9268.0,14207.0,177699.0,8.33,208894.0,9.79,-31195.0,-1.46,-249604.0,-11.69,71904.0,3.37,-131.0,0.908,0.91,120706000.0,109601048,109601048,2026-07-16,2026-07-16 16:11:48+08:00
560420,食品ETF前海开源,0.915,0.9185,0.38,0.002,0.22,28297.0,2593802.0,0.912,0.922,0.907,0.913,1.64,1.91,0.84,-10.51,17770.0,10527.0,-373758.0,-14.41,-321436.0,-12.39,-52322.0,-2.02,490308.0,18.9,-116549.0,-4.49,-10.0,0.915,0.918,147780200.0,135218883,135218883,2026-07-16,2026-07-16 16:11:42+08:00
159617,中证500价值ETF华夏,1.345,1.3463,0.1,0.003,0.22,24347.0,3274363.4,1.342,1.351,1.335,1.342,1.19,8.28,0.66,65.43,12868.0,11479.0,112171.0,3.43,0.0,0.0,112171.0,3.43,-71836.0,-2.19,-40336.0,-1.23,30.0,1.345,1.35,29418382.0,39567724,39567724,2026-07-16,2026-07-16 15:34:57+08:00
517360,沪港深科技ETF华安,0.95,0.9539,0.41,0.002,0.21,4306.0,410839.0,0.943,0.963,0.943,0.948,2.11,1.72,1.45,-0.02,3746.0,560.0,18155.0,4.42,0.0,0.0,18155.0,4.42,-19100.0,-4.65,944.0,0.23,3.0,0.95,0.953,25083000.0,23828850,23828850,2026-07-16,2026-07-16 16:11:55+08:00
159843,食品饮料ETF招商,0.534,0.5354,0.26,0.001,0.19,192553.0,10275566.0,0.531,0.539,0.528,0.533,2.06,2.95,0.99,-20.96,99414.0,93139.0,930342.0,9.05,2994641.0,29.14,-2064299.0,-20.09,-555171.0,-5.4,-375172.0,-3.65,-70.0,0.534,0.535,652455136.0,348411043,348411043,2026-07-16,2026-07-16 15:34:54+08:00
513830,港股通高股息ETF嘉实,1.143,1.1455,0.22,0.002,0.18,9011.0,1032700.0,1.145,1.152,1.14,1.141,1.05,1.6,0.34,1.93,2432.0,6579.0,-165448.0,-16.02,0.0,0.0,-165448.0,-16.02,109522.0,10.61,55926.0,5.42,10.0,1.142,1.146,56311000.0,64363473,64363473,2026-07-16,2026-07-16 16:11:58+08:00
159207,高股息ETF广发,1.138,1.1382,0.02,0.002,0.18,726820.0,82677173.72,1.136,1.146,1.131,1.136,1.32,3.86,0.86,-4.52,380593.0,346227.0,-2700765.0,-3.27,-5398002.0,-6.53,2697237.0,3.26,2014741.0,2.44,686024.0,0.83,-1645.0,1.138,1.14,1881983344.0,2141697045,2141697045,2026-07-16,2026-07-16 15:34:09+08:00
516770,游戏ETF华泰柏瑞,1.174,1.1705,-0.3,0.002,0.17,535554.0,62659072.0,1.166,1.189,1.143,1.172,3.92,14.51,1.12,12.21,277615.0,257939.0,-3712831.0,-5.93,-4154643.0,-6.63,441812.0,0.71,559615.0,0.89,3153217.0,5.03,-4770.0,1.173,1.174,369048000.0,433262352,433262352,2026-07-16,2026-07-16 16:11:42+08:00
159938,医药ETF广发,0.661,0.6616,0.09,0.001,0.15,1560638.0,102866421.899,0.653,0.671,0.643,0.66,4.24,2.15,1.12,64.3,703242.0,857396.0,3598813.0,3.5,6308383.0,6.13,-2709570.0,-2.63,-2877969.0,-2.8,-720845.0,-0.7,2208.0,0.66,0.661,7269567232.0,4805183940,4805183940,2026-07-16,2026-07-16 15:34:33+08:00
159561,德国ETF嘉实,1.296,1.2952,-0.06,0.002,0.15,437295.0,56546096.554,1.29,1.297,1.289,1.294,0.62,3.13,0.66,40.62,232903.0,204392.0,2690109.0,4.76,-4476903.0,-7.92,7167012.0,12.67,-2976428.0,-5.26,286320.0,0.51,-4485.0,1.296,1.297,1395499488.0,1808567336,1808567336,2026-07-16,2026-07-16 15:34:36+08:00
159726,港股通高股息ETF华夏,1.304,1.3056,0.12,0.002,0.15,77540.0,10125850.7,1.302,1.312,1.3,1.302,0.92,2.88,0.47,20.4,38156.0,39384.0,1548656.0,15.29,-92959.0,-0.92,1641615.0,16.21,-1486083.0,-14.68,-62572.0,-0.62,-9.0,1.304,1.305,268911376.0,350660434,350660434,2026-07-16,2026-07-16 15:34:15+08:00
513910,港股通央企红利ETF华夏,1.485,1.4827,-0.16,0.002,0.13,739344.0,110219786.0,1.486,1.5,1.484,1.483,1.08,3.63,0.66,32.39,369974.0,369370.0,344897.0,0.31,2410591.0,2.19,-2065694.0,-1.87,-70493.0,-0.06,-274404.0,-0.25,-1354.0,1.485,1.486,2038276000.0,3026839860,3026839860,2026-07-16,2026-07-16 16:11:51+08:00
513920,港股通央企红利ETF华安,1.505,1.5035,-0.1,0.002,0.13,604616.0,91126019.0,1.504,1.518,1.5,1.503,1.2,2.3,0.62,23.52,265310.0,339306.0,7560697.0,8.3,9160289.0,10.05,-1599592.0,-1.76,-6060250.0,-6.65,-1500446.0,-1.65,-1207.0,1.504,1.505,2629231008.0,3956992667,3956992667,2026-07-16,2026-07-16 16:11:59+08:00
159831,金ETF嘉实,8.439,8.4461,0.08,0.01,0.12,20880.0,17643099.5,8.443,8.479,8.425,8.429,0.64,1.04,0.78,-4.02,10569.0,10311.0,-1044726.0,-5.92,-1278366.0,-7.25,233640.0,1.32,1195466.0,6.78,-150740.0,-0.85,-23.0,8.439,8.444,199856243.0,1686586835,1686586835,2026-07-16,2026-07-16 15:34:45+08:00
510810,上海国企ETF汇添富,0.834,0.8347,0.08,0.001,0.12,66272.0,5533105.0,0.834,0.84,0.828,0.833,1.44,0.11,0.89,0.61,41335.0,24937.0,-403248.0,-7.29,-2050484.0,-37.06,1647236.0,29.77,475019.0,8.59,-71771.0,-1.3,62.0,0.833,0.834,6064193792.0,5057537623,5057537623,2026-07-16,2026-07-16 16:11:49+08:00
560320,食品ETF富国,0.921,0.9233,0.25,0.001,0.11,63961.0,5903690.0,0.929,0.93,0.911,0.92,2.07,4.23,0.82,4.44,30021.0,33940.0,325132.0,5.51,57764.0,0.98,267368.0,4.53,-294778.0,-4.99,-30354.0,-0.51,-589.0,0.921,0.924,151332000.0,139376772,139376772,2026-07-16,2026-07-16 16:11:59+08:00
159281,港股央企红利ETF天弘,0.907,0.9111,0.45,0.001,0.11,672119.0,61269586.2,0.909,0.917,0.907,0.906,1.1,25.83,1.05,12.15,333002.0,339117.0,1370108.0,2.24,1923596.0,3.14,-553488.0,-0.9,-1191146.0,-1.94,-178961.0,-0.29,-72.0,0.907,0.908,260233059.0,236031385,236031385,2026-07-16,2026-07-16 15:34:39+08:00
159277,港股通红利ETF富国,0.942,0.9434,0.15,0.001,0.11,40085.0,3793579.1,0.941,0.95,0.941,0.941,0.96,10.13,0.38,15.14,28410.0,11675.0,-284294.0,-7.49,-1613299.0,-42.53,1329005.0,35.03,319306.0,8.42,-35010.0,-0.92,-125.0,0.941,0.944,39557011.0,37262704,37262704,2026-07-16,2026-07-16 15:34:45+08:00
159307,红利低波100ETF博时,1.018,1.0197,0.17,0.001,0.1,1048716.0,106610995.44,1.017,1.024,1.01,1.017,1.38,1.4,0.94,-57.66,500098.0,548618.0,1606483.0,1.51,6426669.0,6.03,-4820186.0,-4.52,-1727317.0,-1.62,120834.0,0.11,746.0,1.017,1.018,7479903488.0,7614541751,7614541751,2026-07-16,2026-07-16 15:34:33+08:00
560570,A500红利ETF国联安,0.986,0.9863,0.03,0.001,0.1,138668.0,13677775.0,0.99,0.993,0.979,0.985,1.42,0.96,0.66,-0.68,85874.0,52794.0,204530.0,1.5,-618669.0,-4.52,823199.0,6.02,-432300.0,-3.16,227770.0,1.67,-218.0,0.983,0.986,1440541200.0,1420373623,1420373623,2026-07-16,2026-07-16 16:11:42+08:00
515480,红利低波100ETF南方,1.056,1.0576,0.15,0.001,0.09,125071.0,13179887.0,1.056,1.131,1.048,1.055,7.87,21.81,1.16,13.15,50594.0,74478.0,905290.0,6.87,914768.0,6.94,-9478.0,-0.07,-689440.0,-5.23,-215850.0,-1.64,-49.0,1.056,1.057,57340700.0,60551779,60551779,2026-07-16,2026-07-16 16:11:50+08:00
513690,港股红利ETF博时,1.096,1.0957,-0.03,0.001,0.09,1607348.0,176488429.0,1.105,1.108,1.092,1.095,1.46,4.6,1.11,17.81,645286.0,962062.0,2853736.0,1.62,19127870.0,10.84,-16274134.0,-9.22,-1249344.0,-0.71,-1604391.0,-0.91,-399.0,1.094,1.096,3494979904.0,3830497975,3830497975,2026-07-16,2026-07-16 16:12:00+08:00
516520,智能驾驶ETF华泰柏瑞,1.103,1.0999,-0.28,0.001,0.09,419393.0,46357380.0,1.089,1.123,1.087,1.102,3.27,4.64,0.55,57.34,212055.0,207338.0,2451833.0,5.29,865465.0,1.87,1586368.0,3.42,2778500.0,5.99,-5230334.0,-11.28,-70.0,1.101,1.103,903765504.0,996853351,996853351,2026-07-16,2026-07-16 16:11:48+08:00
513820,港股通红利ETF汇添富,1.189,1.1901,0.09,0.001,0.08,624171.0,74387432.0,1.193,1.199,1.186,1.188,1.09,3.38,0.91,-34.74,298840.0,325331.0,672956.0,0.9,-1220077.0,-1.64,1893033.0,2.54,-8818.0,-0.01,-664137.0,-0.89,-240.0,1.188,1.189,1849169008.0,2198661951,2198661951,2026-07-16,2026-07-16 16:11:36+08:00
513810,港股国企ETF华夏,1.673,1.6735,0.03,0.001,0.06,80063.0,13448977.0,1.67,1.688,1.669,1.672,1.14,19.07,0.55,-64.9,42102.0,37961.0,330920.0,2.46,0.0,0.0,330920.0,2.46,-174297.0,-1.3,-156623.0,-1.16,-5.0,1.674,1.677,41992000.0,70252616,70252616,2026-07-16,2026-07-16 16:12:01+08:00
513030,德国ETF华安,1.774,1.7699,-0.23,0.001,0.06,341187.0,60423217.0,1.767,1.777,1.766,1.773,0.62,3.36,0.79,4.88,162911.0,178276.0,2441794.0,4.04,9922849.0,16.42,-7481055.0,-12.38,-4693331.0,-7.77,2251538.0,3.73,-7849.0,1.774,1.775,1015279008.0,1801104960,1801104960,2026-07-16,2026-07-16 16:11:40+08:00
511620,货币ETF国泰,100.009,,-0.01,0.006,0.01,3082.0,30818677.0,100.001,100.009,100.001,100.003,0.01,7.43,1.45,13.51,1493.0,1588.0,2587296.0,8.4,10918468.0,35.43,-8331172.0,-27.03,-1930649.0,-6.26,-656648.0,-2.13,-38.0,100.006,100.009,4148700.0,414907338,414907338,2026-07-16,2026-07-16 16:11:55+08:00
511830,货币ETF华泰柏瑞,100.005,,-0.01,0.007,0.01,6.0,60100.0,99.999,100.005,99.999,99.998,0.01,0.19,0.18,-30.1,4.0,2.0,0.0,0.0,0.0,0.0,0.0,0.0,30199.0,50.25,-30199.0,-50.25,1.0,94.977,100.005,315500.0,31551578,31551578,2026-07-16,2026-07-16 16:11:50+08:00
511910,融通货币ETF,100.007,,-0.01,0.01,0.01,16.0,162007.0,99.999,100.011,99.999,99.997,0.01,1.88,0.44,40.5,10.0,6.0,0.0,0.0,0.0,0.0,0.0,0.0,41999.0,25.92,-41999.0,-25.92,-1.0,99.999,100.007,86100.0,8610603,8610603,2026-07-16,2026-07-16 16:11:38+08:00
159302,港股高股息ETF银华,1.256,1.2582,0.17,0.0,0.0,45857.0,5772851.9,1.272,1.272,1.254,1.256,1.43,7.93,0.33,-16.67,21696.0,24161.0,-243306.0,-4.21,0.0,0.0,-243306.0,-4.21,379340.0,6.57,-136034.0,-2.36,-571.0,1.257,1.259,57797609.0,72593797,72593797,2026-07-16,2026-07-16 15:34:45+08:00
159003,招商快线ETF,100.0,,0.0,0.0,0.0,1079.0,10790382.148,99.999,100.001,99.999,100.0,0.0,5.95,0.3,77.89,645.0,434.0,1760391.0,16.31,-834800.0,-7.74,2595191.0,24.05,-1510293.0,-14.0,-250098.0,-2.32,-5.0,99.999,100.001,1813663.0,181366300,181366300,2026-07-16,2026-07-16 15:34:18+08:00
159005,快钱ETF汇添富,100.002,,0.0,0.002,0.0,2189.0,21890740.865,99.999,100.002,99.999,100.0,0.0,21.2,2.27,59.58,963.0,1226.0,2665508.0,12.18,9685575.0,44.25,-7020067.0,-32.07,-2047407.0,-9.35,-618102.0,-2.82,-1.0,100.002,100.003,1032366.0,103238665,103238665,2026-07-16,2026-07-16 15:34:18+08:00
159872,智能网联汽车ETF鹏华,0.833,0.8337,0.08,0.0,0.0,3450.0,289954.6,0.831,0.846,0.824,0.833,2.64,0.58,0.1,-83.66,2001.0,1449.0,-55220.0,-19.04,-168.0,-0.06,-55052.0,-18.99,48794.0,16.83,6427.0,2.22,13.0,0.834,0.84,59799732.0,49813177,49813177,2026-07-16,2026-07-16 15:34:57+08:00
159001,货币ETF易方达,100.001,,0.0,0.0,0.0,35808.0,358078290.685,100.0,100.001,99.999,100.001,0.0,18.8,0.57,57.59,21715.0,14093.0,-2060918.0,-0.58,2346994.0,0.66,-4407912.0,-1.23,2394497.0,0.67,-333579.0,-0.09,2291.0,100.0,100.001,19042471.0,1904266142,1904266142,2026-07-16,2026-07-16 15:34:18+08:00
159256,创业板软件ETF华夏,0.823,0.8227,-0.04,0.0,0.0,892563.0,73775195.1,0.816,0.84,0.81,0.823,3.65,19.65,1.0,30.65,389868.0,502695.0,-1045588.0,-1.42,-4709932.0,-6.38,3664344.0,4.97,483565.0,0.66,562023.0,0.76,-182.0,0.823,0.824,454183760.0,373793234,373793234,2026-07-16,2026-07-16 15:34:12+08:00
563590,A500红利低波动ETF国寿,0.965,0.9662,0.12,0.0,0.0,1051.0,101037.0,0.968,0.97,0.958,0.965,1.24,0.15,0.48,0.0,365.0,686.0,49382.0,48.88,0.0,0.0,49382.0,48.88,-28540.0,-28.25,-20842.0,-20.63,-2.0,0.962,0.965,68944400.0,66531346,66531346,2026-07-16,2026-07-16 16:11:45+08:00
563510,A500红利低波ETF易方达,0.977,0.9778,0.08,0.0,0.0,67808.0,6613732.0,0.977,0.983,0.971,0.977,1.23,2.2,1.08,-16.14,24472.0,43336.0,525363.0,7.94,-424267.0,-6.41,949630.0,14.36,-410565.0,-6.21,-114799.0,-1.74,-500.0,0.977,0.978,308537008.0,301440657,301440657,2026-07-16,2026-07-16 16:11:59+08:00
159296,A500红利低波ETF华宝,0.98,0.9798,-0.02,0.0,0.0,92619.0,9081827.3,0.976,0.989,0.975,0.98,1.43,20.12,1.83,-30.38,42856.0,49763.0,-331296.0,-3.65,1318223.0,14.51,-1649519.0,-18.16,172844.0,1.9,158452.0,1.74,251.0,0.976,0.981,46042941.0,45122082,45122082,2026-07-16,2026-07-16 15:34:39+08:00
159691,港股红利ETF工银,1.175,1.1715,-0.3,0.0,0.0,1293702.0,152100049.4,1.175,1.188,1.169,1.175,1.62,3.17,0.68,-27.7,593631.0,700071.0,-1756899.0,-1.16,11905173.0,7.83,-13662072.0,-8.98,118793.0,0.08,1638107.0,1.08,-1526.0,1.175,1.176,4082301392.0,4796704136,4796704136,2026-07-16,2026-07-16 15:34:36+08:00
511990,华宝添益ETF,100.0,,0.0,0.0,0.0,785652.0,7856427246.0,100.0,100.001,99.997,100.0,0.0,9.6,0.87,-66.92,340176.0,445476.0,1301296.0,0.02,-1353216.0,-0.02,2654512.0,0.03,-2500384.0,-0.03,1199062.0,0.02,-2703.0,99.999,100.0,818323696.0,81832369600,81832369600,2026-07-16,2026-07-16 16:11:33+08:00
562580,可选消费ETF华夏,1.085,1.0856,0.06,0.0,0.0,46833.0,5082264.0,1.083,1.094,1.074,1.085,1.84,12.41,0.83,-16.84,20691.0,26142.0,1251215.0,24.62,0.0,0.0,1251215.0,24.62,-1364801.0,-26.85,113586.0,2.23,-1205.0,1.085,1.086,37723300.0,40929781,40929781,2026-07-16,2026-07-16 16:11:35+08:00
511660,货币ETF建信,100.004,,0.0,0.004,0.0,43963.0,439630743.0,100.0,100.004,99.998,100.0,0.01,5.71,0.87,10.36,23973.0,19990.0,8916463.0,2.03,36675808.0,8.34,-27759345.0,-6.31,-7991363.0,-1.82,-925112.0,-0.21,-669.0,100.003,100.004,76979000.0,7698207916,7698207916,2026-07-16,2026-07-16 16:11:39+08:00
511700,货币ETF平安,100.005,,-0.01,0.002,0.0,4488.0,44879079.0,100.003,100.006,100.002,100.003,0.0,2.81,0.62,17.05,1858.0,2629.0,1949591.0,4.34,203593.0,0.45,1745998.0,3.89,-1848593.0,-4.12,-100998.0,-0.23,-40.0,100.004,100.005,15978700.0,1597949894,1597949894,2026-07-16,2026-07-16 16:11:58+08:00
516900,食品饮料ETF华安,0.49,0.4913,0.26,0.0,0.0,169258.0,8279673.0,0.485,0.494,0.484,0.49,2.04,4.72,1.33,30.52,77339.0,91919.0,-103314.0,-1.25,124848.0,1.51,-228162.0,-2.76,-34524.0,-0.42,137837.0,1.66,-145.0,0.49,0.491,358229008.0,175532214,175532214,2026-07-16,2026-07-16 16:11:40+08:00
511690,交易货币ETF大成,100.003,,0.0,0.001,0.0,1395.0,13953778.0,100.002,100.01,100.002,100.002,0.01,2.36,1.23,17.39,577.0,818.0,221301.0,1.59,3783037.0,27.11,-3561736.0,-25.53,-150998.0,-1.08,-70302.0,-0.5,-3.0,100.004,100.006,5900800.0,590097702,590097702,2026-07-16,2026-07-16 16:11:53+08:00
511670,华泰天天金ETF,99.997,,0.0,-0.002,0.0,12.0,122999.0,99.999,100.0,99.997,99.999,0.0,0.84,0.06,-22.71,7.0,5.0,0.0,0.0,0.0,0.0,0.0,0.0,12999.0,10.57,-12999.0,-10.57,-1.0,99.996,99.999,146600.0,14659560,14659560,2026-07-16,2026-07-16 16:11:59+08:00
511650,货币ETF华夏,100.002,,0.0,0.003,0.0,1293.0,12930354.0,99.995,100.002,99.995,99.999,0.01,10.74,1.87,11.91,876.0,417.0,210099.0,1.62,10097.0,0.08,200002.0,1.55,5280056.0,40.83,-5490155.0,-42.46,3.0,100.0,100.003,1204300.0,120432409,120432409,2026-07-16,2026-07-16 16:11:58+08:00
511900,富国货币ETF,100.003,,0.0,0.001,0.0,523.0,5233062.0,100.0,100.005,100.0,100.002,0.01,2.9,0.5,13.31,204.0,319.0,460309.0,8.8,-967182.0,-18.48,1427491.0,27.28,-350008.0,-6.69,-110303.0,-2.11,-89.0,100.001,100.003,1804700.0,180475414,180475414,2026-07-16,2026-07-16 16:11:48+08:00
511860,货币ETF博时,100.002,,0.0,-0.001,0.0,454.0,4539998.0,99.999,100.002,99.997,100.003,0.01,10.94,1.03,16.71,432.0,22.0,-509988.0,-11.23,-150006.0,-3.3,-359982.0,-7.93,359989.0,7.93,149998.0,3.3,2.0,100.001,100.002,414900.0,41490830,41490830,2026-07-16,2026-07-16 16:11:50+08:00
511880,银华日利ETF,100.613,,0.0,0.001,0.0,1096114.0,11028476047.0,100.614,100.619,100.612,100.612,0.01,12.15,0.74,-22.03,527356.0,568758.0,193306160.0,1.75,230379008.0,2.09,-37072848.0,-0.34,-145706432.0,-1.32,-47599626.0,-0.43,-10472.0,100.613,100.614,902367904.0,90789941925,90789941925,2026-07-16,2026-07-16 16:11:55+08:00
511850,招商财富宝ETF,100.005,,-0.01,0.004,0.0,3340.0,33401160.0,100.001,100.005,100.0,100.001,0.01,3.78,0.49,-1.47,1685.0,1655.0,1837843.0,5.5,8127967.0,24.33,-6290124.0,-18.83,-845924.0,-2.53,-991919.0,-2.97,-9.0,100.002,100.005,8829000.0,882944145,882944145,2026-07-16,2026-07-16 16:11:45+08:00
511820,鹏华添利ETF,99.998,,0.0,-0.001,0.0,286.0,2859947.0,99.999,99.999,99.998,99.999,0.0,4.53,2.43,11.48,281.0,5.0,-449595.0,-15.72,-449595.0,-15.72,0.0,0.0,369995.0,12.94,79600.0,2.78,-3.0,99.999,100.0,631800.0,63178736,63178736,2026-07-16,2026-07-16 16:11:56+08:00
511810,货币ETF南方,100.003,,0.0,-0.002,0.0,637.0,6371615.0,100.004,100.007,100.0,100.005,0.01,1.75,0.56,10.07,294.0,343.0,862043.0,13.53,2241966.0,35.19,-1379923.0,-21.66,-691133.0,-10.85,-170911.0,-2.68,1.0,100.002,100.003,3640800.0,364090922,364090922,2026-07-16,2026-07-16 16:11:44+08:00
511800,易方达货币ETF,100.002,,0.0,-0.002,0.0,807.0,8070958.0,100.002,100.004,100.001,100.004,0.0,5.01,1.38,2.71,458.0,349.0,520907.0,6.45,1140016.0,14.12,-619109.0,-7.67,-380205.0,-4.71,-140704.0,-1.74,-2.0,100.002,100.003,1610200.0,161023220,161023220,2026-07-16,2026-07-16 16:11:41+08:00
511960,货币ETF嘉实,100.002,,0.0,0.002,0.0,17.0,170003.0,100.002,100.002,100.002,100.0,0.0,0.72,0.05,0.65,,17.0,170003.0,100.0,170003.0,100.0,0.0,0.0,-140002.0,-82.35,-30000.0,-17.65,-1.0,100.0,100.003,237200.0,23720474,23720474,2026-07-16,2026-07-16 16:11:47+08:00
511970,国寿货币ETF,99.999,,0.0,0.001,0.0,8.0,79999.0,99.997,99.999,99.997,99.998,0.0,0.19,0.44,5.12,2.0,6.0,0.0,0.0,0.0,0.0,0.0,0.0,29999.0,37.5,-29999.0,-37.5,-2.0,99.998,100.0,418500.0,41849582,41849582,2026-07-16,2026-07-16 16:11:47+08:00
