代码,名称,最新价,IOPV实时估值,基金折价率,涨跌额,涨跌幅,成交量,成交额,开盘价,最高价,最低价,昨收,振幅,换手率,量比,委比,外盘,内盘,主力净流入-净额,主力净流入-净占比,超大单净流入-净额,超大单净流入-净占比,大单净流入-净额,大单净流入-净占比,中单净流入-净额,中单净流入-净占比,小单净流入-净额,小单净流入-净占比,现手,买一,卖一,最新份额,流通市值,总市值,数据日期,更新时间
589020,科创半导体设备ETF鹏华,2.605,2.555,-1.96,0.42,19.22,6159608.0,1441949263.0,2.215,2.605,2.06,2.185,24.94,42.53,1.38,17.58,3322148.0,2837461.0,-47602656.0,-3.3,-111448016.0,-7.73,63845360.0,4.43,76281840.0,5.29,-28679192.0,-1.99,-49149.0,2.605,2.606,1448219008.0,3772610516,3772610516,2026-07-21,2026-07-21 16:12:01+08:00
588170,科创半导体ETF华夏,1.07,1.0526,-1.65,0.171,19.02,99655963.0,9589606730.0,0.91,1.07,0.849,0.899,24.58,33.19,1.72,88.92,53412037.0,46243926.0,-104934800.0,-1.09,-253218304.0,-2.64,148283504.0,1.55,84365824.0,0.88,20568912.0,0.21,-1025950.0,1.07,1.071,30021446912.0,32122948196,32122948196,2026-07-21,2026-07-21 16:11:50+08:00
588710,科创半导体设备ETF华泰柏瑞,3.33,3.259,-2.18,0.531,18.97,8494197.0,2501587856.0,2.817,3.33,2.632,2.799,24.94,33.92,1.53,79.8,4457119.0,4037079.0,73703008.0,2.95,-14556992.0,-0.58,88260000.0,3.53,-6345840.0,-0.25,-67357184.0,-2.69,-109453.0,3.33,3.331,2504295008.0,8339302377,8339302377,2026-07-21,2026-07-21 16:11:34+08:00
589060,科创综指ETF东财,1.877,1.7261,-8.74,0.292,18.42,53085.0,8721088.0,1.585,1.884,1.539,1.585,21.77,7.36,1.58,-85.77,30356.0,22729.0,1001886.0,11.49,380462.0,4.36,621424.0,7.13,743124.0,8.52,-1745010.0,-20.01,-679.0,1.876,1.877,72137900.0,135402838,135402838,2026-07-21,2026-07-21 16:11:55+08:00
589160,科创芯片ETF广发,1.48,1.4476,-2.24,0.208,16.35,824270.0,111116369.0,1.296,1.481,1.224,1.272,20.2,30.27,1.82,89.56,467347.0,356923.0,5180703.0,4.66,6297293.0,5.67,-1116590.0,-1.0,159189.0,0.14,-5339891.0,-4.81,-6029.0,1.48,1.481,272296000.0,402998080,402998080,2026-07-21,2026-07-21 16:11:59+08:00
588290,科创芯片ETF华安,3.996,3.9265,-1.77,0.537,15.52,1485074.0,540939305.0,3.5,3.996,3.322,3.459,19.49,9.47,0.76,-6.18,755393.0,729681.0,26769030.0,4.95,12482010.0,2.31,14287020.0,2.64,-576175.0,-0.11,-26192855.0,-4.84,-18295.0,3.993,3.996,1568897008.0,6269312444,6269312444,2026-07-21,2026-07-21 16:11:46+08:00
589190,科创芯片ETF华宝,0.738,0.7273,-1.47,0.098,15.31,3004097.0,204543151.0,0.656,0.738,0.616,0.64,19.06,9.05,1.95,30.46,1659162.0,1344935.0,-367567.0,-0.18,-42646281.0,-20.85,42278714.0,20.67,1622255.0,0.79,-1254687.0,-0.61,-15295.0,0.737,0.738,3319562000.0,2449836756,2449836756,2026-07-21,2026-07-21 16:12:02+08:00
588810,科创芯片ETF富国,2.868,2.8469,-0.74,0.361,14.4,955328.0,251582726.0,2.537,2.87,2.408,2.507,18.43,16.32,1.49,73.49,611480.0,343848.0,23162490.0,9.21,15876898.0,6.31,7285592.0,2.9,-12169541.0,-4.84,-10992949.0,-4.37,-4829.0,2.868,2.869,585324000.0,1678709232,1678709232,2026-07-21,2026-07-21 16:11:57+08:00
588200,UC科创芯片ETF嘉实,1.349,1.337,-0.9,0.169,14.32,72480369.0,8992356150.0,1.202,1.352,1.13,1.18,18.81,15.78,3.79,-78.86,37888601.0,34591767.0,691209328.0,7.69,476637696.0,5.3,214571632.0,2.39,-431965088.0,-4.8,-259244192.0,-2.88,-535125.0,1.348,1.349,45929684224.0,61959144018,61959144018,2026-07-21,2026-07-21 16:11:41+08:00
588990,科创芯片ETF博时,4.2,4.1766,-0.56,0.523,14.22,265980.0,103232184.0,3.741,4.2,3.531,3.677,18.19,13.05,1.29,53.21,154313.0,111667.0,5386984.0,5.22,7193921.0,6.97,-1806937.0,-1.75,-791754.0,-0.77,-4595229.0,-4.45,-2316.0,4.2,4.201,203745400.0,855730680,855730680,2026-07-21,2026-07-21 16:11:45+08:00
589130,科创芯片ETF易方达,1.596,1.5838,-0.77,0.198,14.16,2350385.0,344257334.0,1.411,1.609,1.342,1.398,19.1,7.53,1.42,54.71,1421782.0,928603.0,21776556.0,6.33,-5695182.0,-1.65,27471738.0,7.98,-7121572.0,-2.07,-14654983.0,-4.26,-16210.0,1.596,1.597,3122780000.0,4983956880,4983956880,2026-07-21,2026-07-21 16:11:42+08:00
588750,科创芯片ETF汇添富,2.692,2.6679,-0.9,0.332,14.07,2446588.0,606310780.0,2.388,2.7,2.261,2.36,18.6,7.38,1.44,-9.13,1434419.0,1012169.0,-12564530.0,-2.07,21056261.0,3.47,-33620791.0,-5.55,29099527.0,4.8,-16534997.0,-2.73,-17630.0,2.692,2.693,3316228000.0,8927285776,8927285776,2026-07-21,2026-07-21 16:11:58+08:00
589100,科创芯片ETF国泰,1.034,1.0282,-0.56,0.127,14.0,1362425.0,128341556.0,0.919,1.035,0.871,0.907,18.08,14.75,1.53,5.12,716084.0,646341.0,9410721.0,7.33,11636702.0,9.07,-2225981.0,-1.73,-2781125.0,-2.17,-6629596.0,-5.17,-7217.0,1.033,1.034,923442496.0,954839541,954839541,2026-07-21,2026-07-21 16:11:41+08:00
588920,科创芯片ETF鹏华,2.569,2.5575,-0.45,0.314,13.92,389678.0,93103722.0,2.295,2.6,2.168,2.255,19.16,24.59,1.56,-18.61,216698.0,172980.0,15063982.0,16.18,17227184.0,18.5,-2163202.0,-2.32,-6617198.0,-7.11,-8446783.0,-9.07,-3230.0,2.568,2.569,158438000.0,407027222,407027222,2026-07-21,2026-07-21 16:11:35+08:00
588890,科创芯片ETF南方,4.526,4.5147,-0.25,0.551,13.86,1085217.0,442774943.0,4.034,4.536,3.818,3.975,18.06,11.63,1.09,54.37,527166.0,558051.0,-46463268.0,-10.49,-7058691.0,-1.59,-39404577.0,-8.9,54968250.0,12.41,-8504982.0,-1.92,-2375.0,4.526,4.527,932810000.0,4221898060,4221898060,2026-07-21,2026-07-21 16:11:33+08:00
589250,科创芯片设计ETF浦银,1.367,1.3441,-1.7,0.159,13.16,164330.0,20730249.0,1.243,1.368,1.163,1.208,16.97,18.87,1.45,35.09,98127.0,66203.0,2400869.0,11.58,893919.0,4.31,1506950.0,7.27,-846991.0,-4.09,-1553879.0,-7.5,-309.0,1.367,1.369,87101300.0,119067477,119067477,2026-07-21,2026-07-21 16:11:35+08:00
588770,科创信息ETF摩根,2.107,2.1026,-0.21,0.237,12.67,243487.0,48143211.0,1.888,2.117,1.811,1.87,16.36,7.39,2.08,-57.66,138494.0,104993.0,19334258.0,40.16,12226461.0,25.4,7107797.0,14.76,-17752193.0,-36.87,-1582065.0,-3.29,-1538.0,2.106,2.107,329597104.0,694461098,694461098,2026-07-21,2026-07-21 16:12:02+08:00
588100,科创信息ETF嘉实,2.965,2.9586,-0.22,0.328,12.44,92929.0,25870896.0,2.663,2.967,2.553,2.637,15.7,12.52,0.95,-51.45,54656.0,38273.0,4395191.0,16.99,-1151459.0,-4.45,5546650.0,21.44,-1519223.0,-5.87,-2875968.0,-11.12,-441.0,2.965,2.966,74248700.0,220147396,220147396,2026-07-21,2026-07-21 16:11:40+08:00
588150,科创50ETF南方,1.358,1.3409,-1.28,0.149,12.32,698161.0,88363210.0,1.212,1.374,1.173,1.209,16.63,20.42,1.76,41.94,374806.0,323355.0,-834869.0,-0.94,829691.0,0.94,-1664560.0,-1.88,21704.0,0.02,813165.0,0.92,-15965.0,1.357,1.358,341932608.0,464344482,464344482,2026-07-21,2026-07-21 16:11:48+08:00
588070,科创成长ETF万家,2.296,2.2586,-1.66,0.25,12.22,96420.0,20008825.0,2.069,2.301,1.896,2.046,19.79,28.0,1.7,6.0,64073.0,32347.0,3091414.0,15.45,6134268.0,30.66,-3042854.0,-15.21,-1912094.0,-9.56,-1179322.0,-5.89,-1382.0,2.296,2.3,34437000.0,79067352,79067352,2026-07-21,2026-07-21 16:12:02+08:00
588260,科创信息ETF华安,2.902,2.886,-0.55,0.31,11.96,20889.0,5630325.0,2.596,2.908,2.489,2.592,16.17,4.47,0.71,-5.96,13265.0,7624.0,1784311.0,31.69,2030723.0,36.07,-246412.0,-4.38,-1026856.0,-18.24,-757456.0,-13.45,-813.0,2.902,2.908,46746000.0,135656892,135656892,2026-07-21,2026-07-21 16:11:39+08:00
589400,科创芯片设计ETF富国,0.836,0.8273,-1.05,0.089,11.91,258615.0,20308014.0,0.753,0.836,0.714,0.747,16.33,9.38,1.25,69.8,156502.0,102113.0,1896539.0,9.34,2181835.0,10.74,-285296.0,-1.4,-1175673.0,-5.79,-720866.0,-3.55,-2485.0,0.836,0.837,275785200.0,230556427,230556427,2026-07-21,2026-07-21 16:12:02+08:00
588780,科创芯片设计ETF国联安,1.073,1.062,-1.04,0.114,11.89,3808556.0,378608316.0,0.977,1.075,0.921,0.959,16.06,33.89,1.29,60.4,1744326.0,2064230.0,11277974.0,2.98,33147461.0,8.76,-21869487.0,-5.78,-661946.0,-0.17,-10616027.0,-2.8,-13454.0,1.073,1.074,1123902000.0,1205946846,1205946846,2026-07-21,2026-07-21 16:11:44+08:00
588840,科创50ETF万家,1.783,1.7615,-1.22,0.188,11.79,212053.0,35261716.0,1.599,1.784,1.54,1.595,15.3,36.41,1.84,38.52,132440.0,79613.0,3386531.0,9.6,6747286.0,19.13,-3360755.0,-9.53,-2394313.0,-6.79,-992216.0,-2.81,-3546.0,1.782,1.783,58236000.0,103834788,103834788,2026-07-21,2026-07-21 16:11:41+08:00
589420,科创芯片设计ETF永赢,0.837,0.8295,-0.9,0.088,11.75,255214.0,19834292.0,0.755,0.859,0.722,0.749,18.29,7.82,1.26,10.75,135098.0,120116.0,1425286.0,7.19,3198910.0,16.13,-1773624.0,-8.94,-1022253.0,-5.15,-403032.0,-2.03,-1381.0,0.837,0.838,326481504.0,273265019,273265019,2026-07-21,2026-07-21 16:11:53+08:00
588280,科创50ETF华安,1.385,1.3691,-1.16,0.145,11.69,759391.0,97149725.0,1.25,1.385,1.197,1.24,15.16,22.59,1.75,40.29,371819.0,387572.0,5326219.0,5.48,4100244.0,4.22,1225975.0,1.26,-1100691.0,-1.13,-4225527.0,-4.35,-6416.0,1.385,1.386,336121008.0,465527596,465527596,2026-07-21,2026-07-21 16:11:34+08:00
589030,科创芯片设计ETF易方达,1.241,1.2353,-0.46,0.129,11.6,1250784.0,143945712.0,1.135,1.241,1.066,1.112,15.74,36.46,1.41,23.96,613801.0,636983.0,5809808.0,4.04,15772450.0,10.96,-9962642.0,-6.92,-321577.0,-0.22,-5488231.0,-3.81,-6630.0,1.24,1.241,343077008.0,425758567,425758567,2026-07-21,2026-07-21 16:11:49+08:00
589210,科创芯片设计ETF广发,0.735,0.7313,-0.51,0.076,11.53,733088.0,50041905.0,0.663,0.735,0.633,0.659,15.48,6.12,1.98,46.82,331452.0,401636.0,3428052.0,6.85,2877799.0,5.75,550253.0,1.1,-2323050.0,-4.64,-1105002.0,-2.21,-5426.0,0.735,0.736,1196938000.0,879749430,879749430,2026-07-21,2026-07-21 16:11:44+08:00
589260,科创芯片设计ETF国泰,1.352,1.3474,-0.34,0.139,11.46,169341.0,21343620.0,1.213,1.355,1.166,1.213,15.58,30.7,1.93,23.83,89769.0,79572.0,2609963.0,12.23,6537937.0,30.63,-3927974.0,-18.4,-1897402.0,-8.89,-712561.0,-3.34,-1775.0,1.352,1.353,55156000.0,74570912,74570912,2026-07-21,2026-07-21 16:11:47+08:00
589390,科创芯片设计ETF招商,0.829,0.8253,-0.45,0.085,11.42,572513.0,44146937.0,0.752,0.829,0.716,0.744,15.19,4.63,0.84,-10.4,225227.0,347285.0,3833302.0,8.68,7070156.0,16.02,-3236854.0,-7.33,-1957911.0,-4.43,-1875391.0,-4.25,-1381.0,0.828,0.829,1235810496.0,1024486901,1024486901,2026-07-21,2026-07-21 16:11:42+08:00
589290,科创芯片设计ETF汇添富,0.865,0.8605,-0.52,0.088,11.33,149650.0,12169058.0,0.788,0.869,0.745,0.777,15.96,10.7,1.02,12.67,107427.0,42223.0,2782510.0,22.87,3264196.0,26.82,-481686.0,-3.96,-1441697.0,-11.85,-1340813.0,-11.02,-3171.0,0.864,0.865,139848900.0,120969299,120969299,2026-07-21,2026-07-21 16:11:50+08:00
588940,科创50ETF富国,1.978,1.9626,-0.78,0.201,11.31,2073446.0,383623284.0,1.788,1.982,1.715,1.777,15.03,22.48,1.41,-64.67,1079355.0,994091.0,-14122314.0,-3.68,-18879868.0,-4.92,4757554.0,1.24,26704056.0,6.96,-12581742.0,-3.28,-22591.0,1.977,1.978,922420000.0,1824546760,1824546760,2026-07-21,2026-07-21 16:12:01+08:00
588000,科创50ETF华夏,2.016,2.0032,-0.64,0.201,11.07,92429147.0,17322012289.0,1.832,2.017,1.755,1.815,14.44,20.52,1.35,67.61,49906898.0,42522249.0,793855744.0,4.58,302529536.0,1.75,491326208.0,2.84,-223299376.0,-1.29,-570556320.0,-3.29,-481041.0,2.016,2.017,45053668096.0,90828194882,90828194882,2026-07-21,2026-07-21 16:12:00+08:00
588110,科创成长ETF广发,0.646,0.6417,-0.67,0.064,11.0,832120.0,49509863.0,0.585,0.652,0.539,0.582,19.42,12.15,3.18,42.63,417855.0,414265.0,586046.0,1.18,1512512.0,3.05,-926466.0,-1.87,462575.0,0.93,-1048620.0,-2.12,-5080.0,0.646,0.647,685032000.0,442530672,442530672,2026-07-21,2026-07-21 16:11:57+08:00
588050,科创50ETF工银,1.953,1.9442,-0.45,0.193,10.97,3795957.0,694151188.0,1.777,1.954,1.701,1.76,14.38,7.03,1.16,-48.66,2087141.0,1708816.0,45803583.0,6.6,75192079.0,10.83,-29388496.0,-4.23,-12572951.0,-1.81,-33230643.0,-4.79,-20984.0,1.952,1.953,5397241344.0,10540812345,10540812345,2026-07-21,2026-07-21 16:11:46+08:00
588080,科创50ETF易方达,1.952,1.9441,-0.41,0.192,10.91,25705589.0,4716347874.0,1.78,1.953,1.701,1.76,14.32,11.34,1.6,70.99,13081525.0,12624064.0,238912864.0,5.07,-7086944.0,-0.15,245999808.0,5.22,-36797488.0,-0.78,-202115392.0,-4.29,-147837.0,1.952,1.953,22666628096.0,44245258043,44245258043,2026-07-21,2026-07-21 16:11:52+08:00
588090,科创50ETF华泰柏瑞,1.955,1.9525,-0.13,0.192,10.89,2637955.0,480944949.0,1.779,1.955,1.705,1.763,14.18,9.6,1.54,28.24,1362815.0,1275139.0,30098450.0,6.26,22820134.0,4.74,7278316.0,1.51,-7545397.0,-1.57,-22553053.0,-4.69,-9552.0,1.955,1.956,2748072800.0,5372482324,5372482324,2026-07-21,2026-07-21 16:11:48+08:00
589070,科创芯片设计ETF天弘,1.164,1.1603,-0.32,0.114,10.86,1647710.0,177226925.0,1.062,1.164,1.0,1.05,15.62,8.83,0.78,27.96,975996.0,671714.0,3925859.0,2.22,6070918.0,3.43,-2145059.0,-1.21,1184008.0,0.67,-5109867.0,-2.88,-7291.0,1.164,1.165,1865293008.0,2171201061,2171201061,2026-07-21,2026-07-21 16:11:38+08:00
588870,科创50ETF汇添富,1.941,1.928,-0.67,0.19,10.85,1704538.0,307616166.0,1.76,1.942,1.686,1.751,14.62,34.05,1.71,66.98,846614.0,857924.0,28913075.0,9.4,23406312.0,7.61,5506763.0,1.79,-10742176.0,-3.49,-18170899.0,-5.91,-12208.0,1.941,1.942,500552000.0,971571432,971571432,2026-07-21,2026-07-21 16:11:40+08:00
588180,科创50ETF国联安,1.232,1.2304,-0.13,0.12,10.79,616114.0,71150006.0,1.118,1.236,1.077,1.112,14.3,8.59,1.65,0.67,331380.0,284734.0,7349193.0,10.33,4470126.0,6.28,2879067.0,4.05,-2314738.0,-3.25,-5034454.0,-7.08,-6899.0,1.232,1.233,717353696.0,883779753,883779753,2026-07-21,2026-07-21 16:11:57+08:00
588500,科创100增强ETF易方达,2.516,2.5002,-0.63,0.244,10.74,47613.0,11153149.0,2.272,2.53,2.129,2.272,17.65,12.99,1.33,81.59,29708.0,17905.0,2304804.0,20.67,0.0,0.0,2304804.0,20.67,-1346951.0,-12.08,-957852.0,-8.59,-865.0,2.516,2.53,36647000.0,92203852,92203852,2026-07-21,2026-07-21 16:11:39+08:00
589350,科创芯片设计ETF银华,0.839,0.8346,-0.53,0.081,10.69,235334.0,18656901.0,0.77,0.839,0.726,0.758,14.91,12.37,1.26,-12.34,178018.0,57316.0,3918886.0,21.01,7822286.0,41.93,-3903400.0,-20.92,-2368168.0,-12.69,-1550719.0,-8.31,-1921.0,0.838,0.839,190281500.0,159646179,159646179,2026-07-21,2026-07-21 16:11:57+08:00
588210,科创100ETF易方达,1.769,1.7496,-1.11,0.17,10.63,482187.0,79338003.0,1.61,1.78,1.529,1.599,15.7,25.96,5.12,-42.46,201718.0,280469.0,-9245672.0,-11.65,1954167.0,2.46,-11199839.0,-14.12,11592645.0,14.61,-2346974.0,-2.96,-2832.0,1.769,1.77,185754000.0,328598826,328598826,2026-07-21,2026-07-21 16:12:02+08:00
589850,科创50ETF东财,1.819,1.8156,-0.19,0.174,10.58,2432545.0,413130273.0,1.661,1.819,1.589,1.645,13.98,36.8,1.69,64.05,1437239.0,995306.0,36028829.0,8.72,13314362.0,3.22,22714467.0,5.5,-6337696.0,-1.53,-29691134.0,-7.19,-18002.0,1.819,1.82,661057008.0,1202462698,1202462698,2026-07-21,2026-07-21 16:11:57+08:00
588060,科创50ETF广发,1.21,1.206,-0.33,0.115,10.5,11258710.0,1274972230.0,1.101,1.21,1.054,1.095,14.25,17.23,1.6,66.37,6214408.0,5044303.0,72182688.0,5.66,-25256128.0,-1.98,97438816.0,7.64,-23345221.0,-1.83,-48837475.0,-3.83,-75665.0,1.209,1.21,6535140096.0,7907519516,7907519516,2026-07-21,2026-07-21 16:11:33+08:00
589170,科创芯片设计ETF鹏华,1.167,1.1641,-0.25,0.11,10.41,174445.0,19279180.0,1.071,1.168,1.01,1.057,14.95,12.56,1.59,40.35,87236.0,87209.0,3229897.0,16.75,3768193.0,19.55,-538296.0,-2.79,-2403190.0,-12.47,-826708.0,-4.29,-443.0,1.167,1.168,138909000.0,162106803,162106803,2026-07-21,2026-07-21 16:11:45+08:00
588460,科创50增强ETF鹏华,2.287,2.2808,-0.27,0.215,10.38,542507.0,115886788.0,2.092,2.288,1.992,2.072,14.29,8.37,1.08,20.26,315871.0,226636.0,5589074.0,4.82,5292506.0,4.57,296568.0,0.26,2429929.0,2.1,-8019003.0,-6.92,-3799.0,2.287,2.288,648014000.0,1482008018,1482008018,2026-07-21,2026-07-21 16:11:55+08:00
589150,科创50ETF平安,1.386,1.3825,-0.25,0.13,10.35,565334.0,72438619.0,1.266,1.39,1.207,1.256,14.57,8.2,1.76,7.58,231304.0,334030.0,3131835.0,4.32,5169854.0,7.14,-2038019.0,-2.81,-1717514.0,-2.37,-1414322.0,-1.95,-2459.0,1.385,1.386,689437200.0,955559959,955559959,2026-07-21,2026-07-21 16:11:57+08:00
588040,科创50ETF鹏华,1.92,1.9318,0.61,0.178,10.22,359442.0,65169449.0,1.761,1.92,1.686,1.742,13.43,24.98,1.54,-19.94,228946.0,130496.0,2272999.0,3.49,143056.0,0.22,2129943.0,3.27,2814557.0,4.32,-5087555.0,-7.81,-2757.0,1.919,1.92,143889000.0,276266880,276266880,2026-07-21,2026-07-21 16:12:01+08:00
588120,科创100ETF国泰,0.89,0.884,-0.68,0.082,10.15,911512.0,75126919.0,0.812,0.893,0.767,0.808,15.59,9.08,0.88,-2.26,535777.0,375735.0,619458.0,0.82,-7695766.0,-10.24,8315224.0,11.07,710269.0,0.95,-1329728.0,-1.77,-5132.0,0.887,0.89,1003622000.0,893223580,893223580,2026-07-21,2026-07-21 16:11:55+08:00
588950,科创50ETF景顺,1.977,1.9802,0.16,0.181,10.08,1001420.0,185656242.0,1.811,1.979,1.731,1.796,13.81,21.01,1.66,11.91,514938.0,486482.0,12915920.0,6.96,19746594.0,10.64,-6830674.0,-3.68,-3341403.0,-1.8,-9574517.0,-5.16,-9103.0,1.976,1.977,476729696.0,942494609,942494609,2026-07-21,2026-07-21 16:12:01+08:00
588720,科创50ETF中银,1.917,1.9184,0.07,0.175,10.05,62098.0,11149504.0,1.741,1.917,1.675,1.742,13.89,6.39,0.69,-3.47,33209.0,28889.0,1368465.0,12.27,3188270.0,28.6,-1819805.0,-16.32,-338816.0,-3.04,-1029650.0,-9.23,-77.0,1.914,1.917,97241800.0,186412531,186412531,2026-07-21,2026-07-21 16:11:58+08:00
562590,半导体设备ETF华夏,1.019,1.0781,5.48,0.093,10.04,10503312.0,1011917928.0,0.941,1.019,0.892,0.926,13.71,12.65,1.21,100.0,4320703.0,6182609.0,138712400.0,13.71,136473360.0,13.49,2239040.0,0.22,-70438221.0,-6.96,-68274186.0,-6.75,-6518.0,1.019,,8299988992.0,8457688783,8457688783,2026-07-21,2026-07-21 16:11:38+08:00
159782,双创50ETF银华,1.239,1.2359,-0.25,0.113,10.04,783081.0,92184848.339,1.144,1.239,1.105,1.126,11.9,13.31,1.79,-16.38,389136.0,393945.0,15558934.0,16.88,16941734.0,18.38,-1382800.0,-1.5,-7851744.0,-8.52,-7707192.0,-8.36,-6329.0,1.239,1.24,588190272.0,728767747,728767747,2026-07-21,2026-07-21 15:34:12+08:00
159558,半导体设备ETF易方达,1.129,1.1957,5.58,0.103,10.04,24617169.0,2629246604.358,1.05,1.129,0.99,1.026,13.55,14.81,1.09,100.0,11093421.0,13523748.0,601211680.0,22.87,748668288.0,28.47,-147456608.0,-5.61,-347303392.0,-13.21,-253908280.0,-9.66,-18110.0,1.129,,16625563904.0,18770261648,18770261648,2026-07-21,2026-07-21 15:34:03+08:00
560780,半导体设备ETF广发,1.063,1.1235,5.38,0.097,10.04,13487016.0,1350902978.0,0.979,1.063,0.93,0.966,13.77,12.19,1.08,100.0,5926629.0,7560386.0,231606240.0,17.14,235280864.0,17.42,-3674624.0,-0.27,-120759852.0,-8.94,-110846388.0,-8.21,-7580.0,1.063,,11059488000.0,11756235744,11756235744,2026-07-21,2026-07-21 16:11:51+08:00
159995,芯片ETF华夏,1.317,1.3323,1.15,0.12,10.03,15842981.0,1965818499.566,1.209,1.317,1.14,1.197,14.79,6.83,1.37,100.0,7785673.0,8057309.0,343707040.0,17.48,405707536.0,20.64,-62000496.0,-3.15,-163416768.0,-8.31,-180290279.0,-9.17,-26720.0,1.317,,23181126144.0,30529543132,30529543132,2026-07-21,2026-07-21 15:34:09+08:00
159538,信创ETF富国,1.031,1.028,-0.29,0.094,10.03,547838.0,52862334.7,0.948,1.031,0.899,0.937,14.09,17.09,2.22,100.0,199618.0,348220.0,12676091.0,23.98,23181916.0,43.85,-10505825.0,-19.87,-10649830.0,-20.15,-2026261.0,-3.83,-2150.0,1.031,,320608960.0,330547838,330547838,2026-07-21,2026-07-21 15:34:54+08:00
159546,集成电路ETF国泰,0.878,0.889,1.24,0.08,10.03,1373790.0,115134301.49,0.808,0.878,0.765,0.798,14.16,19.08,1.45,100.0,787426.0,586364.0,14947716.0,12.98,5282637.0,4.59,9665079.0,8.39,-7563761.0,-6.57,-7383956.0,-6.41,-2177.0,0.878,,719927824.0,632096629,632096629,2026-07-21,2026-07-21 15:34:48+08:00
159389,数字经济ETF嘉实,1.987,1.9795,-0.38,0.181,10.02,150422.0,28177387.9,1.83,1.987,1.744,1.806,13.46,12.22,1.74,100.0,69394.0,81028.0,4204911.0,14.92,6562787.0,23.29,-2357876.0,-8.37,-1811140.0,-6.43,-2393771.0,-8.5,-16.0,1.987,,123093364.0,244586514,244586514,2026-07-21,2026-07-21 15:34:24+08:00
159801,芯片ETF广发,1.296,1.323,2.04,0.118,10.02,4552576.0,553385279.077,1.193,1.296,1.128,1.178,14.26,10.2,1.41,100.0,2353322.0,2199254.0,80027428.0,14.46,70169889.0,12.68,9857539.0,1.78,-30629495.0,-5.53,-49397934.0,-8.93,-2886.0,1.296,,4463120128.0,5784203686,5784203686,2026-07-21,2026-07-21 15:34:12+08:00
561100,消费电子ETF富国,1.757,1.7457,-0.65,0.16,10.02,749824.0,123721249.0,1.61,1.757,1.532,1.597,14.09,12.28,1.53,100.0,431318.0,318506.0,23404298.0,18.92,25320275.0,20.47,-1915977.0,-1.55,-18964855.0,-15.33,-4439443.0,-3.59,-2085.0,1.757,,610746896.0,1073082296,1073082296,2026-07-21,2026-07-21 16:11:56+08:00
516640,芯片ETF富国,1.636,1.6658,1.79,0.149,10.02,2227525.0,343925427.0,1.508,1.636,1.428,1.487,13.99,16.72,1.27,100.0,1310858.0,916666.0,68655857.0,19.96,27646564.0,8.04,41009293.0,11.92,-29674694.0,-8.63,-38981164.0,-11.33,-1637.0,1.636,,1332482800.0,2179941861,2179941861,2026-07-21,2026-07-21 16:11:40+08:00
563210,专精特新ETF富国,2.042,2.038,-0.2,0.186,10.02,226123.0,43979834.0,1.867,2.042,1.77,1.856,14.66,22.15,2.1,97.11,97583.0,128540.0,7906812.0,17.98,6673154.0,15.17,1233658.0,2.81,-4411184.0,-10.03,-3495627.0,-7.95,-1442.0,2.041,2.042,102067000.0,208420814,208420814,2026-07-21,2026-07-21 16:11:47+08:00
513310,中韩半导体ETF华泰柏瑞,4.989,4.6785,-6.64,0.454,10.01,49792530.0,24062403146.0,4.65,4.989,4.648,4.535,7.52,213.02,1.56,100.0,25415982.0,24376549.0,461596672.0,1.92,242169344.0,1.01,219427328.0,0.91,-200342784.0,-0.83,-261253680.0,-1.09,-14928.0,4.989,,2337427008.0,11661423343,11661423343,2026-07-21,2026-07-21 16:11:53+08:00
159665,半导体龙头ETF工银,2.736,2.7802,1.59,0.249,10.01,499571.0,128537881.4,2.527,2.736,2.381,2.487,14.27,20.34,1.22,100.0,243942.0,255629.0,16507895.0,12.84,6154274.0,4.79,10353621.0,8.05,-3716220.0,-2.89,-12791674.0,-9.95,-356.0,2.736,,245576860.0,671898289,671898289,2026-07-21,2026-07-21 15:34:36+08:00
512760,芯片ETF国泰,1.243,1.2694,2.08,0.113,10.0,7456030.0,883961480.0,1.15,1.243,1.091,1.13,13.45,7.71,1.21,100.0,4156510.0,3299520.0,180355324.0,20.4,186309420.0,21.08,-5954096.0,-0.67,-79529586.0,-9.0,-100825745.0,-11.41,-10126.0,1.243,,9675445504.0,12026578761,12026578761,2026-07-21,2026-07-21 16:11:33+08:00
562560,信息技术ETF华夏,2.431,2.4312,0.01,0.221,10.0,16326.0,3691257.0,2.192,2.431,2.129,2.21,13.67,6.73,1.28,100.0,9819.0,6507.0,-9083.0,-0.25,23334.0,0.63,-32417.0,-0.88,-61426.0,-1.66,70510.0,1.91,-6.0,2.431,,24265500.0,58989431,58989431,2026-07-21,2026-07-21 16:11:57+08:00
512480,半导体ETF国联安,1.144,1.1677,2.03,0.104,10.0,26159789.0,2839386458.0,1.056,1.144,1.0,1.04,13.85,13.64,1.45,100.0,13779501.0,12380288.0,591430352.0,20.83,668529024.0,23.54,-77098672.0,-2.72,-326312896.0,-11.49,-265117451.0,-9.34,-35280.0,1.144,,19174007296.0,21935064347,21935064347,2026-07-21,2026-07-21 16:11:34+08:00
159325,半导体ETF南方,2.332,2.3791,1.98,0.212,10.0,1788034.0,395848715.398,2.15,2.332,2.041,2.12,13.73,34.49,1.46,100.0,976777.0,811257.0,89286294.0,22.56,126571951.0,31.97,-37285657.0,-9.42,-41459265.0,-10.47,-47827029.0,-12.08,-1547.0,2.332,,518460528.0,1209049951,1209049951,2026-07-21,2026-07-21 15:34:48+08:00
159997,电子ETF天弘,2.277,2.2858,0.38,0.207,10.0,579175.0,122754686.147,2.078,2.277,1.981,2.07,14.3,8.68,1.15,100.0,327873.0,251302.0,-12564705.0,-10.24,-7089432.0,-5.78,-5475273.0,-4.46,10823099.0,8.82,1741605.0,1.42,-556.0,2.277,,667306640.0,1519457219,1519457219,2026-07-21,2026-07-21 15:34:12+08:00
516920,芯片ETF汇添富,1.584,1.6185,2.13,0.144,10.0,601251.0,90527068.0,1.458,1.584,1.387,1.44,13.68,12.16,1.12,100.0,341645.0,259606.0,31392710.0,34.68,35496321.0,39.21,-4103611.0,-4.53,-14903523.0,-16.46,-16489187.0,-18.21,-515.0,1.584,,494463008.0,783229405,783229405,2026-07-21,2026-07-21 16:11:48+08:00
159599,芯片ETF东财,3.157,3.2272,2.18,0.287,10.0,1311121.0,391845354.145,2.89,3.157,2.764,2.87,13.69,19.3,1.27,100.0,762375.0,548746.0,83865819.0,21.4,66435636.0,16.95,17430183.0,4.45,-16344936.0,-4.17,-67520883.0,-17.23,-2181.0,3.157,,679322064.0,2144619756,2144619756,2026-07-21,2026-07-21 15:34:12+08:00
562820,集成电路ETF嘉实,3.27,3.3063,1.1,0.297,9.99,245018.0,75323480.0,3.01,3.27,2.852,2.973,14.06,20.06,1.44,100.0,124067.0,120951.0,-2359249.0,-3.13,-1307653.0,-1.74,-1051596.0,-1.4,-7998665.0,-10.62,10357913.0,13.75,-983.0,3.27,,122136000.0,399384720,399384720,2026-07-21,2026-07-21 16:11:48+08:00
159813,半导体ETF鹏华,1.673,1.6961,1.36,0.152,9.99,5442691.0,864092099.416,1.554,1.673,1.458,1.521,14.14,12.39,1.38,100.0,2836368.0,2606323.0,168047814.0,19.45,198752830.0,23.0,-30705016.0,-3.55,-72641041.0,-8.41,-95406764.0,-11.04,-21965.0,1.673,,4393862400.0,7350931795,7350931795,2026-07-21,2026-07-21 15:34:21+08:00
159385,数字经济ETF富国,1.992,1.9923,0.02,0.181,9.99,128657.0,24427661.2,1.822,1.992,1.747,1.811,13.53,28.59,1.03,-13.92,57270.0,71387.0,969494.0,3.97,533595.0,2.18,435899.0,1.78,-2426106.0,-9.93,1456612.0,5.96,190.0,1.99,1.992,45002525.0,89645030,89645030,2026-07-21,2026-07-21 15:34:39+08:00
159327,半导体设备ETF万家,1.157,1.2151,4.78,0.105,9.98,4348559.0,475346770.575,1.067,1.157,1.005,1.052,14.45,22.25,2.79,100.0,1978219.0,2370340.0,68050937.0,14.32,107320995.0,22.58,-39270058.0,-8.26,-31205516.0,-6.56,-36845421.0,-7.75,-4103.0,1.157,,1954574096.0,2261442229,2261442229,2026-07-21,2026-07-21 15:34:06+08:00
159516,半导体设备ETF国泰,0.727,0.7614,4.52,0.066,9.98,110352682.0,7628075433.379,0.674,0.727,0.63,0.661,14.67,19.37,1.27,100.0,53519867.0,56832815.0,1015410080.0,13.31,1398387360.0,18.33,-382977280.0,-5.02,-635153696.0,-8.33,-380256512.0,-4.98,-51550.0,0.727,,56975360000.0,41421086720,41421086720,2026-07-21,2026-07-21 15:34:42+08:00
512330,信息科技ETF南方,1.929,1.9361,0.37,0.175,9.98,320246.0,59788950.0,1.743,1.929,1.669,1.754,14.82,8.03,1.27,100.0,91354.0,228892.0,33157457.0,55.46,26019722.0,43.52,7137735.0,11.94,-24152314.0,-40.4,-9005144.0,-15.06,-19.0,1.929,,398688000.0,769069152,769069152,2026-07-21,2026-07-21 16:12:00+08:00
515260,电子ETF华宝,0.937,0.9318,-0.56,0.085,9.98,1256723.0,110201022.0,0.86,0.937,0.812,0.852,14.67,12.95,1.27,100.0,616538.0,640185.0,10488854.0,9.52,20937374.0,19.0,-10448520.0,-9.48,-4271697.0,-3.88,-6217156.0,-5.64,-4257.0,0.937,,970568400.0,909422591,909422591,2026-07-21,2026-07-21 16:11:36+08:00
159779,消费电子ETF招商,1.565,1.5716,0.42,0.142,9.98,154921.0,22915112.3,1.448,1.565,1.369,1.423,13.77,11.57,1.57,100.0,83915.0,71006.0,3050484.0,13.31,9771691.0,42.64,-6721207.0,-29.33,-1006969.0,-4.39,-2043514.0,-8.92,-509.0,1.565,,133869337.0,209505512,209505512,2026-07-21,2026-07-21 15:34:06+08:00
159560,芯片ETF景顺,2.556,2.6187,2.39,0.232,9.98,228515.0,55441040.1,2.354,2.556,2.241,2.324,13.55,12.39,1.37,100.0,112949.0,115566.0,21323970.0,38.46,13085755.0,23.6,8238215.0,14.86,-7149894.0,-12.9,-14174076.0,-25.57,-251.0,2.556,,184416460.0,471368472,471368472,2026-07-21,2026-07-21 15:34:06+08:00
516350,芯片ETF易方达,1.852,1.8912,2.07,0.168,9.98,2014272.0,352241902.0,1.728,1.852,1.618,1.684,13.9,15.0,1.3,100.0,985763.0,1028509.0,44668877.0,12.68,36905034.0,10.48,7763843.0,2.2,-8735027.0,-2.48,-35933851.0,-10.2,-6036.0,1.852,,1342415296.0,2486153128,2486153128,2026-07-21,2026-07-21 16:11:53+08:00
159537,信创ETF国泰,1.026,1.0245,-0.15,0.093,9.97,219930.0,21369330.889,0.949,1.026,0.899,0.933,13.61,13.72,1.62,100.0,114920.0,105010.0,1949103.0,9.12,4614854.0,21.6,-2665751.0,-12.47,-283130.0,-1.32,-1665972.0,-7.8,-501.0,1.026,,160285204.0,164452619,164452619,2026-07-21,2026-07-21 15:34:21+08:00
159582,半导体ETF博时,0.817,0.8544,4.38,0.074,9.96,2825383.0,219230529.962,0.755,0.817,0.723,0.743,12.65,28.96,1.34,100.0,1451122.0,1374261.0,36369846.0,16.59,58123267.0,26.51,-21753421.0,-9.92,-20586635.0,-9.39,-15783212.0,-7.2,-3004.0,0.817,,975608112.0,797071828,797071828,2026-07-21,2026-07-21 15:34:33+08:00
561980,半导体设备ETF招商,0.741,0.7753,4.42,0.067,9.94,10471143.0,738967192.0,0.69,0.741,0.655,0.674,12.76,11.28,1.09,100.0,4952573.0,5518570.0,154941958.0,20.97,174467248.0,23.61,-19525290.0,-2.64,-99596222.0,-13.48,-55345736.0,-7.49,-13613.0,0.741,,9285550080.0,6880592609,6880592609,2026-07-21,2026-07-21 16:11:47+08:00
159310,芯片ETF天弘,3.297,3.252,-1.38,0.297,9.9,251833.0,77337065.4,2.957,3.297,2.789,3.0,16.93,5.17,1.86,-6.67,126130.0,125703.0,-9004584.0,-11.64,-11970343.0,-15.48,2965759.0,3.83,4803630.0,6.21,4200954.0,5.43,-4110.0,3.297,3.298,486981088.0,1605576647,1605576647,2026-07-21,2026-07-21 15:34:57+08:00
589180,科创新材料ETF汇添富,1.743,1.726,-0.98,0.157,9.9,350275.0,56444157.0,1.57,1.743,1.467,1.586,17.4,27.3,1.38,32.82,187914.0,162361.0,-762483.0,-1.35,-274743.0,-0.49,-487740.0,-0.86,670389.0,1.19,92092.0,0.16,-1756.0,1.743,1.744,128318000.0,223658274,223658274,2026-07-21,2026-07-21 16:11:53+08:00
589360,科创50ETF国泰,0.98,0.981,0.1,0.088,9.87,645297.0,59812988.0,0.896,0.985,0.859,0.892,14.13,3.2,1.0,43.46,340679.0,304618.0,8175459.0,13.67,4203682.0,7.03,3971777.0,6.64,-4831698.0,-8.08,-3343761.0,-5.59,-5279.0,0.98,0.981,2015174000.0,1974870520,1974870520,2026-07-21,2026-07-21 16:11:35+08:00
562950,消费电子ETF易方达,1.692,1.6795,-0.74,0.152,9.87,1092306.0,171579747.0,1.543,1.693,1.474,1.54,14.22,10.69,1.45,4.65,485650.0,606656.0,18408781.0,10.73,30325874.0,17.67,-11917093.0,-6.95,-10313811.0,-6.01,-8094970.0,-4.72,-5105.0,1.692,1.693,1022258304.0,1729661050,1729661050,2026-07-21,2026-07-21 16:11:33+08:00
517850,张江ETF汇添富,1.428,1.4212,-0.48,0.128,9.85,21392.0,2864789.0,1.317,1.43,1.275,1.3,11.92,5.6,1.73,32.23,10543.0,10849.0,347745.0,12.14,0.0,0.0,347745.0,12.14,-303484.0,-10.59,-44261.0,-1.55,-1432.0,1.428,1.429,38185200.0,54528466,54528466,2026-07-21,2026-07-21 16:11:45+08:00
516050,科技龙头ETF工银,1.473,1.4859,0.87,0.132,9.84,185930.0,26107416.0,1.36,1.475,1.298,1.341,13.2,11.39,1.63,-6.24,90592.0,95338.0,2747508.0,10.52,6419388.0,24.59,-3671880.0,-14.06,-1853842.0,-7.1,-893665.0,-3.42,-292.0,1.473,1.475,163228000.0,240434844,240434844,2026-07-21,2026-07-21 16:11:56+08:00
588020,科创成长ETF易方达,0.873,0.8734,0.05,0.078,9.81,3081677.0,247760096.0,0.796,0.878,0.734,0.795,18.11,19.84,0.98,10.43,1704103.0,1377573.0,15302524.0,6.18,21531061.0,8.69,-6228537.0,-2.51,-9169764.0,-3.7,-6132759.0,-2.48,-18033.0,0.872,0.873,1553373008.0,1356094636,1356094636,2026-07-21,2026-07-21 16:11:43+08:00
159540,信创ETF易方达,2.179,2.1769,-0.1,0.194,9.77,210428.0,42666980.0,1.988,2.18,1.904,1.985,13.9,17.18,1.09,-10.31,104499.0,105929.0,7092053.0,16.62,12164794.0,28.51,-5072741.0,-11.89,-5631325.0,-13.2,-1460728.0,-3.42,2512.0,2.178,2.179,122505191.0,266938811,266938811,2026-07-21,2026-07-21 15:34:48+08:00
159311,数字经济ETF易方达,1.63,1.6249,-0.31,0.145,9.76,30641.0,4807790.9,1.492,1.63,1.443,1.485,12.59,7.78,1.11,-40.34,16679.0,13962.0,-14099.0,-0.29,761898.0,15.85,-775997.0,-16.14,851303.0,17.71,-837203.0,-17.41,100.0,1.627,1.63,39383993.0,64195909,64195909,2026-07-21,2026-07-21 15:34:39+08:00
589950,科创100ETF富国,1.306,1.3004,-0.43,0.116,9.75,53187.0,6557710.0,1.199,1.308,1.131,1.19,14.87,1.59,1.66,-33.91,34987.0,18200.0,1208683.0,18.43,2783291.0,42.44,-1574608.0,-24.01,-806265.0,-12.29,-402418.0,-6.14,-342.0,1.304,1.306,333873008.0,436038148,436038148,2026-07-21,2026-07-21 16:11:42+08:00
512220,TMTETF景顺,4.083,4.091,0.2,0.362,9.73,107901.0,41573876.0,3.777,4.093,3.534,3.721,15.02,5.21,1.25,-16.36,56727.0,51174.0,7119165.0,17.12,-1466814.0,-3.53,8585979.0,20.65,1955721.0,4.7,-9074886.0,-21.83,-996.0,4.081,4.083,206967600.0,845048711,845048711,2026-07-21,2026-07-21 16:11:40+08:00
159939,信息技术ETF广发,1.187,1.1824,-0.39,0.105,9.7,719216.0,80358083.9,1.087,1.189,1.035,1.082,14.23,8.88,1.26,-47.21,356948.0,362268.0,-2310077.0,-2.87,5991165.0,7.46,-8301242.0,-10.33,892213.0,1.11,1417863.0,1.76,2148.0,1.186,1.187,809656112.0,961061805,961061805,2026-07-21,2026-07-21 15:34:18+08:00
159967,创业板成长ETF华夏,0.851,0.8515,0.06,0.075,9.66,20880643.0,1671347609.941,0.782,0.853,0.743,0.776,14.18,27.59,1.19,-24.01,11363549.0,9517094.0,103125264.0,6.17,84853632.0,5.08,18271632.0,1.09,-61676494.0,-3.69,-41448763.0,-2.48,-65194.0,0.851,0.852,7568505856.0,6440798483,6440798483,2026-07-21,2026-07-21 15:34:33+08:00
515320,电子50ETF华安,1.693,1.6763,-1.0,0.149,9.65,118987.0,18605463.0,1.549,1.698,1.468,1.544,14.9,14.28,1.18,-21.95,56694.0,62293.0,1785059.0,9.59,1521000.0,8.18,264059.0,1.42,-873645.0,-4.7,-911414.0,-4.9,-2420.0,1.69,1.693,83309000.0,141042137,141042137,2026-07-21,2026-07-21 16:11:35+08:00
589700,科创成长ETF南方,2.183,2.1851,0.1,0.191,9.59,26542.0,5371513.0,1.99,2.2,1.84,1.992,18.07,18.57,1.56,-28.94,13987.0,12555.0,-207549.0,-3.86,1408554.0,26.22,-1616103.0,-30.09,566529.0,10.55,-358980.0,-6.68,-1173.0,2.182,2.183,14291000.0,31197253,31197253,2026-07-21,2026-07-21 16:11:51+08:00
561220,数字经济ETF工银,1.986,1.9772,-0.45,0.173,9.54,72752.0,13824721.0,1.844,1.99,1.74,1.813,13.79,18.87,1.46,-50.19,39753.0,32999.0,-3291644.0,-23.81,-1979489.0,-14.32,-1312155.0,-9.49,1560838.0,11.29,1730807.0,12.52,-2313.0,1.97,1.986,38553000.0,76566258,76566258,2026-07-21,2026-07-21 16:12:00+08:00
159295,创业综指ETF西部利得,1.057,1.0571,0.01,0.092,9.53,72838.0,7200658.744,0.973,1.088,0.932,0.965,16.17,11.21,1.75,-91.55,39029.0,33809.0,854884.0,11.87,0.0,0.0,854884.0,11.87,-639628.0,-8.88,-215255.0,-2.99,823.0,1.055,1.057,64958239.0,68660859,68660859,2026-07-21,2026-07-21 15:34:27+08:00
159539,信创ETF广发,2.036,2.0314,-0.23,0.177,9.52,62825.0,12118231.6,1.872,2.036,1.782,1.859,13.66,11.11,1.37,49.26,35371.0,27454.0,-446339.0,-3.68,0.0,0.0,-446339.0,-3.68,1057402.0,8.73,-611063.0,-5.04,-167.0,2.036,2.038,56565182.0,115166711,115166711,2026-07-21,2026-07-21 15:34:09+08:00
159783,科创创业50ETF华夏,1.245,1.2416,-0.27,0.108,9.5,4246190.0,503903704.14,1.15,1.245,1.106,1.137,12.23,8.87,1.73,55.95,2549722.0,1696469.0,29730271.0,5.9,-89500899.0,-17.76,119231170.0,23.66,-11512820.0,-2.28,-18217454.0,-3.62,17801.0,1.244,1.245,4788859392.0,5962129943,5962129943,2026-07-21,2026-07-21 15:34:27+08:00
159658,数字经济ETF华安,1.949,1.9382,-0.56,0.168,9.43,128715.0,23803477.1,1.798,1.949,1.731,1.781,12.24,28.05,1.25,-46.43,77731.0,50984.0,988481.0,4.15,-169764.0,-0.71,1158245.0,4.87,-339858.0,-1.43,-648623.0,-2.72,-103.0,1.949,1.95,45894877.0,89449115,89449115,2026-07-21,2026-07-21 15:34:15+08:00
159906,深成长ETF大成,1.81,1.8011,-0.49,0.155,9.37,185490.0,31881900.6,1.656,1.81,1.59,1.655,13.29,9.78,1.44,2.28,83145.0,102345.0,5057799.0,15.86,11151798.0,34.98,-6093999.0,-19.11,-2512536.0,-7.88,-2545264.0,-7.98,441.0,1.808,1.81,189639725.0,343247902,343247902,2026-07-21,2026-07-21 15:34:15+08:00
588800,科创100ETF华夏,1.729,1.7253,-0.21,0.148,9.36,1765349.0,285229302.0,1.584,1.731,1.497,1.581,14.8,10.72,1.19,-28.51,987425.0,777924.0,2786323.0,0.98,-29884167.0,-10.48,32670490.0,11.45,2704016.0,0.95,-5490340.0,-1.92,-8431.0,1.728,1.729,1647377008.0,2848314847,2848314847,2026-07-21,2026-07-21 16:12:01+08:00
561600,消费电子ETF平安,1.608,1.6083,0.02,0.137,9.31,324162.0,48881016.0,1.473,1.616,1.408,1.471,14.14,19.73,1.3,11.36,203286.0,120876.0,3597384.0,7.36,-1268725.0,-2.6,4866109.0,9.96,48263.0,0.1,-3645647.0,-7.46,-2213.0,1.607,1.608,164274000.0,264152592,264152592,2026-07-21,2026-07-21 16:11:42+08:00
588330,双创50ETF华宝,1.26,1.2477,-0.99,0.107,9.28,1684557.0,201180720.0,1.162,1.26,1.12,1.153,12.14,15.1,1.78,59.07,807722.0,876834.0,10454671.0,5.2,24263611.0,12.06,-13808940.0,-6.86,-4617593.0,-2.3,-5837078.0,-2.9,-14765.0,1.259,1.26,1115737808.0,1405829638,1405829638,2026-07-21,2026-07-21 16:11:46+08:00
589660,科创综指ETF南方,1.661,1.6584,-0.16,0.141,9.28,385476.0,58945362.0,1.523,1.675,1.452,1.52,14.67,14.97,1.12,20.33,209048.0,176428.0,-4386133.0,-7.44,378174.0,0.64,-4764307.0,-8.08,1437602.0,2.44,2948532.0,5.0,-357.0,1.66,1.661,257530000.0,427757330,427757330,2026-07-21,2026-07-21 16:11:38+08:00
588360,科创创业ETF国泰,1.344,1.3449,0.07,0.114,9.27,253497.0,31832944.0,1.254,1.344,1.2,1.23,11.71,12.03,1.16,1.44,146386.0,107111.0,2472499.0,7.77,272830.0,0.86,2199669.0,6.91,-1417063.0,-4.45,-1055437.0,-3.32,-1064.0,1.344,1.345,210681800.0,283156339,283156339,2026-07-21,2026-07-21 16:11:43+08:00
588850,科创机械ETF嘉实,1.744,1.747,0.17,0.148,9.27,224667.0,37040918.0,1.608,1.745,1.511,1.596,14.66,26.5,1.91,20.47,111137.0,113530.0,1356242.0,3.66,7586215.0,20.48,-6229973.0,-16.82,-237234.0,-0.64,-1119008.0,-3.02,-1120.0,1.743,1.744,84779000.0,147854576,147854576,2026-07-21,2026-07-21 16:11:44+08:00
589980,科创100ETF汇添富,1.806,1.8009,-0.28,0.153,9.26,43215.0,7321341.0,1.662,1.825,1.568,1.653,15.55,3.51,1.83,22.95,15661.0,27554.0,764744.0,10.45,3749074.0,51.21,-2984330.0,-40.76,-435219.0,-5.94,-329525.0,-4.5,-451.0,1.8,1.806,123122000.0,222358332,222358332,2026-07-21,2026-07-21 16:11:33+08:00
589500,科创综指ETF工银,1.664,1.6686,0.28,0.141,9.26,65401.0,10122784.0,1.545,1.67,1.461,1.523,13.72,7.69,0.77,10.68,43231.0,22170.0,-346050.0,-3.42,7240.0,0.07,-353290.0,-3.49,534254.0,5.28,-188204.0,-1.86,-1369.0,1.662,1.664,85064000.0,141546496,141546496,2026-07-21,2026-07-21 16:11:35+08:00
589890,科创综指ETF景顺,1.64,1.6375,-0.15,0.139,9.26,63922.0,9746497.0,1.509,1.746,1.436,1.501,20.65,7.1,1.07,-15.24,28498.0,35424.0,-60707.0,-0.62,1607.0,0.02,-62314.0,-0.64,-134729.0,-1.38,195437.0,2.01,200.0,1.638,1.64,89987000.0,147578680,147578680,2026-07-21,2026-07-21 16:11:33+08:00
588880,科创100ETF华泰柏瑞,1.732,1.7265,-0.32,0.146,9.21,120688.0,19667789.0,1.586,1.733,1.502,1.586,14.56,10.55,1.03,20.65,67663.0,53025.0,1531472.0,7.79,2524147.0,12.83,-992675.0,-5.05,-959200.0,-4.88,-572271.0,-2.91,-224.0,1.73,1.732,114368000.0,198085376,198085376,2026-07-21,2026-07-21 16:11:45+08:00
159780,科创创业50ETF南方,1.234,1.2291,-0.4,0.104,9.2,3317038.0,391732850.321,1.141,1.234,1.099,1.13,11.95,9.56,1.87,9.0,1861381.0,1455657.0,16897935.0,4.31,11951337.0,3.05,4946598.0,1.26,-2826192.0,-0.72,-14071743.0,-3.59,11412.0,1.233,1.234,3470048576.0,4282039943,4282039943,2026-07-21,2026-07-21 15:34:09+08:00
588380,科创创业ETF富国,1.262,1.2594,-0.21,0.106,9.17,1648055.0,196171693.0,1.165,1.263,1.122,1.156,12.2,6.43,1.51,-12.72,814616.0,833439.0,14020303.0,7.15,21010207.0,10.71,-6989904.0,-3.56,-7977277.0,-4.07,-6043026.0,-3.08,-7342.0,1.261,1.262,2564770000.0,3236739740,3236739740,2026-07-21,2026-07-21 16:11:33+08:00
588220,科创100ETF鹏华,1.753,1.7501,-0.17,0.147,9.15,3711218.0,609443833.0,1.614,1.758,1.518,1.606,14.94,11.58,1.34,-64.22,2007995.0,1703223.0,28557943.0,4.69,2544439.0,0.42,26013504.0,4.27,-13389511.0,-2.2,-15168439.0,-2.49,-8189.0,1.752,1.753,3204197904.0,5616958926,5616958926,2026-07-21,2026-07-21 16:11:49+08:00
159583,通信ETF富国,1.73,1.7233,-0.39,0.145,9.15,5201400.0,843284441.145,1.59,1.732,1.49,1.585,15.27,20.16,1.31,-31.46,2784310.0,2417090.0,83217444.0,9.87,84446196.0,10.01,-1228752.0,-0.15,-31806879.0,-3.77,-51410563.0,-6.1,-55930.0,1.73,1.731,2580592896.0,4464425710,4464425710,2026-07-21,2026-07-21 15:34:06+08:00
588320,双创50增强ETF广发,1.957,1.9375,-1.01,0.164,9.15,190118.0,35109001.0,1.839,1.957,1.745,1.793,11.82,27.62,2.05,33.88,82505.0,107613.0,-1176929.0,-3.35,-1714598.0,-4.88,537669.0,1.53,1265079.0,3.6,-88150.0,-0.25,-3365.0,1.957,1.959,68824600.0,134689742,134689742,2026-07-21,2026-07-21 16:11:40+08:00
588400,科创创业ETF嘉实,1.244,1.2473,0.26,0.104,9.12,530654.0,62560963.0,1.148,1.245,1.114,1.14,11.49,4.32,1.6,-13.82,297495.0,233159.0,3754964.0,6.0,5533812.0,8.85,-1778848.0,-2.84,-904842.0,-1.45,-2850122.0,-4.56,-2365.0,1.244,1.245,1227600608.0,1527135156,1527135156,2026-07-21,2026-07-21 16:11:44+08:00
588030,科创100ETF博时,1.758,1.7527,-0.3,0.147,9.12,1803585.0,296169921.0,1.613,1.765,1.522,1.611,15.08,7.3,1.18,9.6,950646.0,852939.0,7275935.0,2.46,-37481.0,-0.01,7313416.0,2.47,-1110089.0,-0.37,-6165845.0,-2.08,-7673.0,1.758,1.759,2471838096.0,4345491373,4345491373,2026-07-21,2026-07-21 16:11:41+08:00
589990,科创综指ETF华泰柏瑞,1.71,1.7066,-0.2,0.142,9.06,138488.0,21833114.0,1.587,1.71,1.501,1.568,13.33,12.14,2.1,7.11,91962.0,46526.0,2180098.0,9.99,-239846.0,-1.1,2419944.0,11.08,-893513.0,-4.09,-1286586.0,-5.89,-1619.0,1.708,1.71,114090000.0,195093900,195093900,2026-07-21,2026-07-21 16:11:38+08:00
515000,科技ETF华宝,1.39,1.3918,0.13,0.115,9.02,2494992.0,326831252.0,1.285,1.4,1.217,1.275,14.35,7.94,1.44,-28.95,1348912.0,1146080.0,10204345.0,3.12,29183507.0,8.93,-18979162.0,-5.81,30326.0,0.01,-10234671.0,-3.13,-18219.0,1.389,1.39,3142579296.0,4368185221,4368185221,2026-07-21,2026-07-21 16:11:50+08:00
588190,科创100ETF银华,1.74,1.7368,-0.18,0.144,9.02,1195489.0,194693078.0,1.609,1.743,1.508,1.596,14.72,7.77,1.16,72.37,587336.0,608153.0,-14356288.0,-7.37,-2457637.0,-1.26,-11898651.0,-6.11,20521719.0,10.54,-6165431.0,-3.17,-2496.0,1.74,1.741,1537618304.0,2675455849,2675455849,2026-07-21,2026-07-21 16:11:53+08:00
588010,科创新材料ETF博时,1.057,1.0524,-0.44,0.087,8.97,2741983.0,267196113.0,0.97,1.058,0.895,0.97,16.8,29.31,1.58,8.24,1365921.0,1376062.0,6240663.0,2.34,2308636.0,0.86,3932027.0,1.47,-3328070.0,-1.25,-2912593.0,-1.09,-8691.0,1.056,1.057,935425808.0,988745079,988745079,2026-07-21,2026-07-21 16:11:38+08:00
159178,消费电子ETF汇添富,1.124,1.1206,-0.3,0.092,8.91,268409.0,28263688.7,1.028,1.126,0.977,1.032,14.44,33.37,1.6,-39.88,146792.0,121617.0,408201.0,1.44,-2493313.0,-8.82,2901514.0,10.27,435265.0,1.54,-843467.0,-2.98,-1201.0,1.124,1.125,80432994.0,90406685,90406685,2026-07-21,2026-07-21 15:34:33+08:00
588390,科创创业ETF博时,1.347,1.3469,-0.01,0.11,8.89,109404.0,14006769.0,1.238,1.347,1.203,1.237,11.64,6.63,1.09,0.92,56192.0,53212.0,1172019.0,8.37,2814146.0,20.09,-1642127.0,-11.72,-206651.0,-1.48,-965368.0,-6.89,-122.0,1.347,1.348,164935900.0,222168657,222168657,2026-07-21,2026-07-21 16:11:44+08:00
588350,科创创业50ETF鹏扬,1.91,1.9114,0.07,0.156,8.89,55702.0,10119702.0,1.789,1.91,1.708,1.754,11.52,0.86,1.31,14.41,32449.0,23253.0,1231333.0,12.17,2398749.0,23.7,-1167416.0,-11.54,127037.0,1.26,-1358370.0,-13.42,-170.0,1.91,1.911,646546000.0,1234902860,1234902860,2026-07-21,2026-07-21 16:11:41+08:00
159781,科创创业ETF易方达,1.239,1.2372,-0.15,0.101,8.88,10855602.0,1282022061.642,1.15,1.24,1.104,1.138,11.95,7.84,1.67,47.78,5895313.0,4960288.0,-16558704.0,-1.29,-107352256.0,-8.37,90793552.0,7.08,31516331.0,2.46,-14957622.0,-1.17,-45994.0,1.239,1.24,13843860480.0,17152543135,17152543135,2026-07-21,2026-07-21 15:34:57+08:00
159732,消费电子ETF华夏,1.462,1.453,-0.62,0.119,8.86,5170927.0,707987044.135,1.343,1.467,1.276,1.343,14.22,19.31,1.21,-27.38,2738153.0,2432774.0,14826436.0,2.09,24393540.0,3.45,-9567104.0,-1.35,3624750.0,0.51,-18451185.0,-2.61,23386.0,1.461,1.462,2677447904.0,3914428836,3914428836,2026-07-21,2026-07-21 15:34:09+08:00
159603,科创创业ETF天弘,1.907,1.9078,0.04,0.155,8.85,1686976.0,319381412.6,1.779,1.909,1.704,1.752,11.7,6.83,17.28,-45.07,1080049.0,606927.0,-2345526.0,-0.73,-7826438.0,-2.45,5480912.0,1.72,4585098.0,1.44,-2239571.0,-0.7,2558.0,1.904,1.907,2470071920.0,4710427151,4710427151,2026-07-21,2026-07-21 15:34:24+08:00
515050,通信ETF华夏,1.108,1.1014,-0.6,0.09,8.84,23987293.0,2488908636.0,1.025,1.108,0.959,1.018,14.64,12.1,1.2,2.47,12438954.0,11548339.0,302060288.0,12.14,405310752.0,16.28,-103250464.0,-4.15,-184365120.0,-7.41,-117695168.0,-4.73,-137111.0,1.108,1.109,19817205504.0,21957463698,21957463698,2026-07-21,2026-07-21 16:12:02+08:00
588980,科创100ETF广发,1.584,1.5855,0.09,0.128,8.79,36989.0,5754520.0,1.442,1.747,1.377,1.456,25.41,31.03,2.73,-37.31,18509.0,18480.0,-711635.0,-12.37,-1582585.0,-27.5,870950.0,15.14,406209.0,7.06,305426.0,5.31,-279.0,1.584,1.586,11920000.0,18881280,18881280,2026-07-21,2026-07-21 16:11:46+08:00
588450,科创50增强ETF招商,2.33,2.3439,0.59,0.188,8.78,94850.0,20759212.0,2.171,2.331,2.051,2.142,13.07,18.39,1.27,48.41,53815.0,41035.0,880002.0,4.24,1518891.0,7.32,-638889.0,-3.08,349453.0,1.68,-1229455.0,-5.92,-2912.0,2.33,2.331,51568700.0,120155071,120155071,2026-07-21,2026-07-21 16:11:40+08:00
588300,科创创业50ETF招商,1.27,1.2695,-0.04,0.102,8.73,776308.0,94030997.0,1.192,1.272,1.136,1.168,11.64,5.11,1.2,26.11,424708.0,351600.0,7924564.0,8.43,9218273.0,9.8,-1293709.0,-1.38,-309577.0,-0.33,-7614988.0,-8.1,-13740.0,1.269,1.27,1519210496.0,1929397330,1929397330,2026-07-21,2026-07-21 16:11:50+08:00
588160,科创新材料ETF南方,1.074,1.0705,-0.33,0.086,8.7,1694097.0,166424134.0,0.985,1.08,0.909,0.988,17.31,28.26,1.09,-16.44,851740.0,842357.0,-3754433.0,-2.26,-6908080.0,-4.15,3153647.0,1.89,4400512.0,2.64,-646079.0,-0.39,-3870.0,1.073,1.074,599496000.0,643858704,643858704,2026-07-21,2026-07-21 16:11:40+08:00
159139,科创创业人工智能ETF华泰柏瑞,1.413,1.4048,-0.58,0.113,8.69,510381.0,68239826.6,1.319,1.413,1.255,1.3,12.15,30.73,1.19,96.41,233978.0,276403.0,4671216.0,6.85,7055036.0,10.34,-2383820.0,-3.49,-2546369.0,-3.73,-2124847.0,-3.11,-1343.0,1.413,1.416,166109210.0,234712314,234712314,2026-07-21,2026-07-21 15:34:33+08:00
515880,通信ETF国泰,0.701,0.7,-0.14,0.056,8.68,114591961.0,7589771708.0,0.649,0.702,0.608,0.645,14.57,15.64,1.38,26.24,56188792.0,58403168.0,615020608.0,8.1,822155792.0,10.83,-207135184.0,-2.73,-409257952.0,-5.39,-205762528.0,-2.71,-712086.0,0.701,0.702,73269772288.0,51362110374,51362110374,2026-07-21,2026-07-21 16:11:52+08:00
589300,科创综指ETF嘉实,1.797,1.7996,0.14,0.143,8.65,14357.0,2411788.0,1.632,1.797,1.578,1.654,13.24,3.45,0.58,-11.63,6737.0,7620.0,506171.0,20.99,0.0,0.0,506171.0,20.99,-245720.0,-10.19,-260451.0,-10.8,-786.0,1.797,1.8,41582500.0,74723753,74723753,2026-07-21,2026-07-21 16:11:39+08:00
159259,成长ETF易方达,1.381,1.3834,0.17,0.11,8.65,5101016.0,659669963.195,1.273,1.391,1.19,1.271,15.81,13.2,1.05,-25.35,2516434.0,2584581.0,65783561.0,9.97,62158102.0,9.42,3625459.0,0.55,-43389563.0,-6.58,-22393999.0,-3.39,-17995.0,1.381,1.382,3863696400.0,5335764728,5335764728,2026-07-21,2026-07-21 15:34:15+08:00
560800,数字经济ETF鹏扬,1.282,1.2768,-0.41,0.102,8.64,173688.0,20910005.0,1.182,1.287,1.142,1.18,12.29,5.95,1.24,-7.82,104620.0,69068.0,4204654.0,20.11,4323456.0,20.68,-118802.0,-0.57,-2567443.0,-12.28,-1637210.0,-7.83,-1999.0,1.282,1.286,291951104.0,374281315,374281315,2026-07-21,2026-07-21 16:11:52+08:00
588370,科创50增强ETF南方,1.94,1.9598,1.01,0.154,8.62,74962.0,13841981.0,1.8,1.94,1.724,1.786,12.09,10.98,1.36,8.61,44993.0,29969.0,-671852.0,-4.85,48772.0,0.35,-720624.0,-5.21,594927.0,4.3,76926.0,0.56,-818.0,1.939,1.94,68272000.0,132447680,132447680,2026-07-21,2026-07-21 16:12:01+08:00
512770,战略新兴ETF华夏,2.761,2.7674,0.23,0.219,8.62,37570.0,9846717.0,2.557,2.779,2.489,2.542,11.41,3.82,1.27,11.34,27932.0,9638.0,1236337.0,12.56,-2552343.0,-25.92,3788680.0,38.48,-496576.0,-5.04,-739761.0,-7.51,-949.0,2.752,2.761,98267800.0,271317396,271317396,2026-07-21,2026-07-21 16:11:53+08:00
588510,科创创业人工智能ETF华夏,0.959,0.9639,0.51,0.076,8.61,299760.0,27447421.0,0.883,0.96,0.852,0.883,12.23,9.95,1.13,-48.54,209912.0,89848.0,5294942.0,19.29,2802247.0,10.21,2492695.0,9.08,-3180359.0,-11.59,-2114581.0,-7.7,-3789.0,0.957,0.959,301175008.0,288826833,288826833,2026-07-21,2026-07-21 16:11:51+08:00
159994,通信ETF银华,1.351,1.3483,-0.2,0.107,8.6,6117081.0,782344603.545,1.249,1.352,1.175,1.244,14.23,12.45,1.23,5.16,2417066.0,3700014.0,76503036.0,9.78,235662804.0,30.12,-159159768.0,-20.34,-52237858.0,-6.68,-24265168.0,-3.1,-25580.0,1.351,1.352,4913003264.0,6637467410,6637467410,2026-07-21,2026-07-21 15:34:00+08:00
159597,创业板成长ETF易方达,0.846,0.845,-0.12,0.067,8.6,877924.0,69938934.732,0.783,0.846,0.759,0.779,11.17,9.59,1.39,77.27,314172.0,563752.0,2118187.0,3.03,-9178864.0,-13.12,11297051.0,16.15,-2040049.0,-2.92,-78138.0,-0.11,-1178.0,0.846,0.848,915757136.0,774730537,774730537,2026-07-21,2026-07-21 15:34:45+08:00
589860,科创综指ETF天弘,1.644,1.6375,-0.4,0.13,8.59,174411.0,26890023.0,1.511,1.817,1.442,1.514,24.77,10.25,0.77,-4.78,94750.0,79661.0,-1168602.0,-4.35,-1738634.0,-6.47,570032.0,2.12,-1883758.0,-7.01,3052361.0,11.35,-3991.0,1.643,1.644,170224000.0,279848256,279848256,2026-07-21,2026-07-21 16:11:35+08:00
589900,科创综指ETF博时,1.658,1.663,0.3,0.131,8.58,147692.0,22681068.0,1.52,1.658,1.454,1.527,13.36,8.49,0.79,12.15,71020.0,76673.0,2508762.0,11.06,180664.0,0.8,2328098.0,10.26,-688755.0,-3.04,-1820007.0,-8.02,-163.0,1.658,1.66,173908200.0,288339796,288339796,2026-07-21,2026-07-21 16:11:56+08:00
589770,科创综指ETF招商,1.658,1.662,0.24,0.13,8.51,98450.0,15159997.0,1.543,1.666,1.46,1.528,13.48,6.21,0.85,30.29,56589.0,41861.0,-593814.0,-3.92,-930784.0,-6.14,336970.0,2.22,578902.0,3.82,14911.0,0.1,-1556.0,1.656,1.658,158569200.0,262907734,262907734,2026-07-21,2026-07-21 16:11:53+08:00
588310,科创创业ETF方正富邦,1.328,1.3211,-0.52,0.104,8.5,40597.0,5159833.0,1.235,1.33,1.193,1.224,11.19,13.25,1.18,9.37,25782.0,14815.0,1083822.0,21.0,2052196.0,39.77,-968374.0,-18.77,-589555.0,-11.43,-494268.0,-9.58,-1624.0,1.328,1.33,30637500.0,40686600,40686600,2026-07-21,2026-07-21 16:11:42+08:00
159141,科创创业人工智能ETF永赢,1.332,1.3311,-0.07,0.104,8.47,745571.0,93982376.7,1.235,1.332,1.185,1.228,11.97,4.51,0.56,82.8,388721.0,356850.0,7038798.0,7.49,14534808.0,15.47,-7496010.0,-7.98,-3292599.0,-3.5,-3746200.0,-3.99,-2790.0,1.332,1.333,1653060736.0,2201876900,2201876900,2026-07-21,2026-07-21 15:34:15+08:00
515980,人工智能ETF华富,1.153,1.1561,0.27,0.09,8.47,5232169.0,570179996.0,1.065,1.153,1.016,1.063,12.89,8.29,1.45,6.91,2759697.0,2472472.0,97197940.0,17.05,125820291.0,22.07,-28622351.0,-5.02,-49251732.0,-8.64,-47946207.0,-8.41,-33605.0,1.152,1.153,6314128896.0,7280190617,7280190617,2026-07-21,2026-07-21 16:12:01+08:00
159153,消费电子ETF鹏华,1.268,1.2628,-0.41,0.099,8.47,259682.0,30952422.274,1.179,1.27,1.115,1.169,13.26,24.8,1.28,-39.78,181164.0,78518.0,5892902.0,19.04,202407.0,0.65,5690495.0,18.38,-5285810.0,-17.08,-607091.0,-1.96,-772.0,1.268,1.269,104725988.0,132792553,132792553,2026-07-21,2026-07-21 15:34:18+08:00
589800,科创综指ETF易方达,1.654,1.6541,0.01,0.129,8.46,756167.0,116300327.0,1.53,1.656,1.449,1.525,13.57,7.27,0.63,19.5,433482.0,322685.0,6831658.0,5.87,-6755833.0,-5.81,13587491.0,11.68,-3053572.0,-2.63,-3778086.0,-3.25,-2241.0,1.653,1.654,1039988208.0,1720140496,1720140496,2026-07-21,2026-07-21 16:11:36+08:00
589080,科创综指ETF汇添富,1.635,1.64,0.3,0.127,8.42,142581.0,21822226.0,1.51,1.635,1.437,1.508,13.13,9.02,0.54,-34.34,65672.0,76909.0,3709409.0,17.0,2348.0,0.01,3707061.0,16.99,-2975738.0,-13.64,-733670.0,-3.36,-479.0,1.635,1.637,158061000.0,258429735,258429735,2026-07-21,2026-07-21 16:11:58+08:00
159246,创业板人工智能ETF富国,1.228,1.2254,-0.21,0.095,8.38,2164000.0,248482530.1,1.134,1.228,1.074,1.133,13.59,6.1,0.88,1.38,1262267.0,901733.0,14439647.0,5.81,22975091.0,9.25,-8535444.0,-3.44,-5242318.0,-2.11,-9197329.0,-3.7,-7687.0,1.228,1.229,3549655600.0,4358977077,4358977077,2026-07-21,2026-07-21 15:34:24+08:00
159810,创业板ETF浦银,1.489,1.4935,0.3,0.115,8.37,97294.0,13885933.6,1.381,1.491,1.362,1.374,9.39,17.23,1.59,91.98,48848.0,48446.0,937612.0,6.75,-247227.0,-1.78,1184839.0,8.53,-353314.0,-2.54,-584297.0,-4.21,-251.0,1.489,1.495,56475458.0,84091957,84091957,2026-07-21,2026-07-21 15:34:18+08:00
589000,科创综指ETF华夏,1.647,1.6445,-0.15,0.127,8.36,1290790.0,200128289.0,1.52,1.65,1.445,1.52,13.49,12.28,0.97,19.67,790708.0,500082.0,572337.0,0.29,-15000283.0,-7.5,15572620.0,7.78,499434.0,0.25,-1071772.0,-0.54,-1323.0,1.646,1.647,1051507808.0,1731833360,1731833360,2026-07-21,2026-07-21 16:11:45+08:00
159807,科技ETF易方达,0.999,0.9915,-0.76,0.077,8.35,795788.0,75562270.96,0.928,0.999,0.902,0.922,10.52,9.04,1.38,6.79,461079.0,334709.0,5121104.0,6.78,592683.0,0.78,4528421.0,5.99,-2293027.0,-3.03,-2828079.0,-3.74,2930.0,0.998,0.999,880051424.0,879171373,879171373,2026-07-21,2026-07-21 15:34:15+08:00
588660,科创创业50ETF兴银,2.052,2.07,0.87,0.158,8.34,279638.0,54390961.0,1.92,2.07,1.838,1.894,12.25,44.15,2.75,22.56,176216.0,103422.0,9597214.0,17.64,3427250.0,6.3,6169964.0,11.34,-3932744.0,-7.23,-5664471.0,-10.41,-1726.0,2.051,2.052,63344000.0,129981888,129981888,2026-07-21,2026-07-21 16:11:42+08:00
516800,智能制造ETF华宝,1.029,1.0326,0.35,0.079,8.32,163785.0,16013320.0,0.948,1.029,0.911,0.95,12.42,8.98,1.4,36.21,80436.0,83349.0,1390492.0,8.68,-2080442.0,-12.99,3470934.0,21.68,-103067.0,-0.64,-1287426.0,-8.04,-4223.0,1.029,1.03,182308000.0,187594932,187594932,2026-07-21,2026-07-21 16:11:56+08:00
589600,科创综指ETF富国,1.647,1.6448,-0.13,0.126,8.28,163191.0,25381370.0,1.51,1.649,1.447,1.521,13.28,7.11,1.21,39.53,118033.0,45158.0,-454309.0,-1.79,-3781387.0,-14.9,3327078.0,13.11,978808.0,3.86,-524500.0,-2.07,-1296.0,1.646,1.647,229535000.0,378044145,378044145,2026-07-21,2026-07-21 16:12:02+08:00
159367,创业板50ETF华夏,1.863,1.8603,-0.15,0.142,8.25,285045.0,51007327.7,1.738,1.865,1.68,1.721,10.75,18.5,1.6,95.86,156917.0,128128.0,261160.0,0.51,2846039.0,5.58,-2584879.0,-5.07,1275696.0,2.5,-1536855.0,-3.01,-1139.0,1.863,1.864,154079029.0,287049231,287049231,2026-07-21,2026-07-21 15:34:18+08:00
561310,消电ETF国泰,0.777,0.7762,-0.1,0.059,8.22,216241.0,15499466.0,0.713,0.778,0.683,0.718,13.23,20.63,1.27,13.74,89067.0,127174.0,203208.0,1.31,-2005076.0,-12.94,2208284.0,14.25,-93426.0,-0.6,-109781.0,-0.71,-1860.0,0.776,0.777,104833100.0,81455319,81455319,2026-07-21,2026-07-21 16:11:59+08:00
159022,科创创业人工智能ETF富国,1.123,1.1259,0.26,0.085,8.19,334866.0,35748742.63,1.045,1.123,1.006,1.038,11.27,18.85,1.35,13.28,189328.0,145538.0,2847108.0,7.96,367037.0,1.03,2480071.0,6.94,-170048.0,-0.48,-2677060.0,-7.49,-1177.0,1.123,1.124,177630967.0,199479576,199479576,2026-07-21,2026-07-21 15:34:27+08:00
159382,创业板人工智能ETF南方,2.793,2.7905,-0.09,0.211,8.17,1228615.0,318741797.8,2.593,2.797,2.442,2.582,13.75,14.77,1.13,-46.18,621814.0,606801.0,4246736.0,1.33,-1163268.0,-0.36,5410004.0,1.7,170698.0,0.05,-4417434.0,-1.39,2337.0,2.792,2.793,832055712.0,2323931604,2323931604,2026-07-21,2026-07-21 15:34:36+08:00
588680,科创100增强ETF广发,2.516,2.5246,0.34,0.189,8.12,28224.0,6664363.0,2.324,2.516,2.222,2.327,12.63,8.72,2.34,1.38,18647.0,9577.0,271576.0,4.08,0.0,0.0,271576.0,4.08,-183820.0,-2.76,-87756.0,-1.32,-914.0,2.516,2.527,32361000.0,81420276,81420276,2026-07-21,2026-07-21 16:11:49+08:00
159012,科创创业50ETF鹏华,1.015,1.022,0.68,0.076,8.09,138983.0,13481420.377,0.943,1.015,0.916,0.939,10.54,14.06,1.14,53.55,81918.0,57065.0,1277639.0,9.48,-359900.0,-2.67,1637539.0,12.15,-546106.0,-4.05,-731532.0,-5.43,1037.0,1.014,1.015,98881148.0,100364365,100364365,2026-07-21,2026-07-21 15:34:18+08:00
589880,科创综指ETF建信,1.632,1.6381,0.37,0.122,8.08,160992.0,25102512.0,1.506,1.632,1.44,1.51,12.72,3.46,0.65,12.84,46656.0,114336.0,12048880.0,48.0,4936226.0,19.66,7112654.0,28.33,-12120288.0,-48.28,71407.0,0.28,-80.0,1.629,1.632,464996000.0,758873472,758873472,2026-07-21,2026-07-21 16:12:01+08:00
159675,创业板增强ETF嘉实,1.5,1.5024,0.16,0.112,8.07,172771.0,24573580.1,1.386,1.5,1.352,1.388,10.66,27.71,1.67,20.23,104970.0,67801.0,2146405.0,8.73,0.0,0.0,2146405.0,8.73,-661057.0,-2.69,-1485348.0,-6.04,-296.0,1.5,1.502,62346691.0,93520037,93520037,2026-07-21,2026-07-21 15:34:48+08:00
588430,科创创业人工智能ETF工银,1.376,1.3771,0.08,0.102,8.01,123617.0,16043881.0,1.274,1.379,1.229,1.274,11.77,12.82,1.19,25.3,77346.0,46271.0,1912341.0,11.92,993288.0,6.19,919053.0,5.73,-1159522.0,-7.23,-752819.0,-4.69,-142.0,1.376,1.377,96458000.0,132726208,132726208,2026-07-21,2026-07-21 16:11:47+08:00
588900,科创100ETF南方,1.785,1.7822,-0.16,0.132,7.99,106961.0,17793236.0,1.627,1.786,1.552,1.653,14.16,3.19,1.32,-13.94,55607.0,51354.0,1380845.0,7.76,1194170.0,6.71,186675.0,1.05,-1158390.0,-6.51,-222456.0,-1.25,-97.0,1.785,1.786,334783008.0,597587669,597587669,2026-07-21,2026-07-21 16:11:41+08:00
159811,5GETF博时,3.163,3.158,-0.16,0.233,7.95,189301.0,56913406.3,2.932,3.163,2.764,2.93,13.62,22.44,1.44,72.68,98173.0,91128.0,18029130.0,31.68,16010028.0,28.13,2019102.0,3.55,-15247464.0,-26.79,-2781666.0,-4.89,-711.0,3.163,3.164,84343393.0,266778152,266778152,2026-07-21,2026-07-21 15:34:15+08:00
589050,科创综指ETF兴业,1.427,1.4385,0.8,0.105,7.94,19378.0,2602687.0,1.329,1.431,1.268,1.322,12.33,4.13,0.67,12.01,10130.0,9248.0,337098.0,12.95,2181.0,0.08,334917.0,12.87,-288716.0,-11.09,-48383.0,-1.86,-1447.0,1.427,1.428,46968000.0,67023336,67023336,2026-07-21,2026-07-21 16:11:59+08:00
510770,G60创新ETF申万菱信,0.898,0.9047,0.74,0.066,7.93,91563.0,7849531.0,0.847,0.899,0.79,0.832,13.1,31.45,1.13,-32.86,70847.0,20716.0,-319759.0,-4.07,358869.0,4.57,-678628.0,-8.65,305837.0,3.9,13920.0,0.18,-301.0,0.897,0.898,29110700.0,26141409,26141409,2026-07-21,2026-07-21 16:11:45+08:00
159248,人工智能ETF万家,1.985,1.9948,0.49,0.145,7.88,221987.0,42170966.6,1.851,1.987,1.781,1.84,11.2,17.89,1.4,-57.84,112880.0,109107.0,3102724.0,7.36,9837721.0,23.33,-6734997.0,-15.97,-34493.0,-0.08,-3068231.0,-7.28,2172.0,1.982,1.985,124095652.0,246329869,246329869,2026-07-21,2026-07-21 15:34:27+08:00
588420,科创创业人工智能ETF摩根,1.347,1.3452,-0.13,0.098,7.85,572003.0,74623236.0,1.253,1.352,1.201,1.249,12.09,42.8,3.31,-37.07,164631.0,407372.0,-13729662.0,-18.4,-13080934.0,-17.53,-648728.0,-0.87,13552466.0,18.16,177195.0,0.24,-836.0,1.347,1.348,133648000.0,180023856,180023856,2026-07-21,2026-07-21 16:11:38+08:00
589630,科创综指ETF国泰,0.814,0.8193,0.65,0.059,7.81,408857.0,31360720.0,0.747,0.814,0.719,0.755,12.58,10.95,0.86,4.56,218311.0,190546.0,654516.0,2.09,-796071.0,-2.54,1450587.0,4.63,-386639.0,-1.23,-267877.0,-0.85,-5422.0,0.813,0.814,373258000.0,303832012,303832012,2026-07-21,2026-07-21 16:11:59+08:00
159909,TMT50ETF招商,1.41,1.4187,0.61,0.102,7.8,118014.0,15944828.9,1.308,1.41,1.255,1.308,11.85,2.22,0.77,78.03,70869.0,47145.0,-48881.0,-0.31,609076.0,3.82,-657957.0,-4.13,760266.0,4.77,-711386.0,-4.46,-565.0,1.41,1.411,531562000.0,749502420,749502420,2026-07-21,2026-07-21 15:34:54+08:00
159140,科创创业人工智能ETF易方达,1.41,1.4122,0.16,0.102,7.8,798139.0,106906608.572,1.312,1.413,1.26,1.308,11.7,17.43,1.2,-32.55,428647.0,369492.0,13279130.0,12.42,21635484.0,20.24,-8356354.0,-7.82,-9383042.0,-8.78,-3896088.0,-3.64,-2480.0,1.41,1.412,457936832.0,645690933,645690933,2026-07-21,2026-07-21 15:34:36+08:00
159814,创业大盘ETF西部利得,0.778,0.773,-0.65,0.056,7.76,1348211.0,99200724.2,0.726,0.778,0.705,0.722,10.11,25.91,1.26,34.88,822552.0,525659.0,4645718.0,4.68,5790053.0,5.84,-1144335.0,-1.15,-2694570.0,-2.72,-1951147.0,-1.97,2182.0,0.776,0.778,520246528.0,404751799,404751799,2026-07-21,2026-07-21 15:34:21+08:00
588670,科创综指增强ETF嘉实,1.84,1.8464,0.35,0.132,7.73,25276.0,4420142.0,1.713,1.84,1.623,1.708,12.7,6.35,1.15,39.15,16324.0,8952.0,552434.0,12.5,864521.0,19.56,-312087.0,-7.06,-136905.0,-3.1,-415530.0,-9.4,-1086.0,1.828,1.84,39792000.0,73217280,73217280,2026-07-21,2026-07-21 16:11:43+08:00
512930,AI人工智能ETF平安,0.712,0.7108,-0.17,0.051,7.72,6061939.0,413620309.0,0.668,0.712,0.639,0.661,11.04,12.42,1.61,-12.29,3164774.0,2897165.0,32611694.0,7.88,47780481.0,11.55,-15168787.0,-3.67,-17186956.0,-4.16,-15424739.0,-3.73,-14977.0,0.711,0.712,4880521216.0,3474931106,3474931106,2026-07-21,2026-07-21 16:11:44+08:00
589380,科创人工智能ETF富国,1.555,1.5454,-0.62,0.111,7.69,50630.0,7475657.0,1.465,1.562,1.4,1.444,11.22,5.52,0.79,-6.38,24237.0,26393.0,934038.0,12.49,-170526.0,-2.28,1104564.0,14.78,-409276.0,-5.47,-524763.0,-7.02,-2203.0,1.553,1.555,91694300.0,142584637,142584637,2026-07-21,2026-07-21 16:11:41+08:00
159819,人工智能ETF易方达,2.005,2.0059,0.04,0.143,7.68,6397403.0,1225987052.183,1.881,2.007,1.801,1.862,11.06,5.54,1.35,-75.92,2999536.0,3397867.0,187411680.0,15.29,260637936.0,21.26,-73226256.0,-5.97,-92685900.0,-7.56,-94725757.0,-7.73,32311.0,2.004,2.005,11541229568.0,23140165284,23140165284,2026-07-21,2026-07-21 15:34:42+08:00
159388,创业板人工智能ETF国泰,1.065,1.0665,0.14,0.076,7.68,2252216.0,223201405.0,0.998,1.066,0.933,0.989,13.45,26.17,1.26,14.2,1222518.0,1029698.0,5274087.0,2.36,9055532.0,4.06,-3781445.0,-1.69,-2945857.0,-1.32,-2328229.0,-1.04,1929.0,1.064,1.065,860736992.0,916684896,916684896,2026-07-21,2026-07-21 15:34:30+08:00
588550,科创综指增强ETF易方达,1.394,1.4037,0.69,0.099,7.64,52965.0,7033937.0,1.298,1.395,1.22,1.295,13.51,8.93,1.06,41.1,40916.0,12049.0,1759204.0,25.01,2519431.0,35.82,-760227.0,-10.81,-1397313.0,-19.87,-361893.0,-5.14,-169.0,1.394,1.395,59290000.0,82650260,82650260,2026-07-21,2026-07-21 16:11:34+08:00
159243,创业板人工智能ETF招商,1.324,1.3291,0.38,0.094,7.64,286162.0,35797897.562,1.233,1.324,1.162,1.23,13.17,20.44,0.67,22.82,164952.0,121210.0,693943.0,1.94,-100304.0,-0.28,794247.0,2.22,-848943.0,-2.37,155000.0,0.43,679.0,1.323,1.324,140030224.0,185400017,185400017,2026-07-21,2026-07-21 15:34:03+08:00
589330,科创200ETF东财,0.833,0.829,-0.48,0.059,7.62,183413.0,14295700.0,0.774,0.849,0.72,0.774,16.67,17.32,1.73,-75.94,109678.0,73735.0,-577764.0,-4.04,-754053.0,-5.27,176289.0,1.23,603600.0,4.22,-25836.0,-0.18,-2701.0,0.833,0.842,105902000.0,88216366,88216366,2026-07-21,2026-07-21 16:11:40+08:00
159363,创业板人工智能ETF华宝,1.299,1.3015,0.19,0.092,7.62,13663919.0,1641927434.139,1.207,1.299,1.14,1.207,13.17,22.36,1.06,-22.82,7177588.0,6486331.0,12080976.0,0.74,-63972656.0,-3.9,76053632.0,4.63,-14385507.0,-0.88,2304542.0,0.14,23544.0,1.298,1.299,6112169984.0,7939708809,7939708809,2026-07-21,2026-07-21 15:34:15+08:00
589680,科创综指ETF鹏华,1.604,1.6063,0.14,0.113,7.58,666975.0,99951896.0,1.496,1.604,1.414,1.491,12.74,5.25,0.53,-20.29,310644.0,356331.0,9714801.0,9.72,-3460147.0,-3.46,13174948.0,13.18,-3114592.0,-3.12,-6600209.0,-6.6,-3571.0,1.604,1.605,1269943696.0,2036989688,2036989688,2026-07-21,2026-07-21 16:11:48+08:00
515070,人工智能ETF华夏,1.269,1.2676,-0.11,0.089,7.54,3819701.0,460388376.0,1.192,1.269,1.139,1.18,11.02,5.08,1.45,-12.82,1700855.0,2118846.0,31581382.0,6.86,29587815.0,6.43,1993567.0,0.43,-12699686.0,-2.76,-18881695.0,-4.1,-13049.0,1.269,1.27,7520940288.0,9544073225,9544073225,2026-07-21,2026-07-21 16:11:36+08:00
588480,科创创业人工智能ETF中金,1.015,1.0243,0.91,0.071,7.52,216305.0,21103691.0,0.944,1.017,0.916,0.944,10.7,10.03,1.49,-1.71,160176.0,56129.0,5244627.0,24.85,2281384.0,10.81,2963243.0,14.04,-3847960.0,-18.23,-1396668.0,-6.62,-314.0,1.015,1.016,215717000.0,218952755,218952755,2026-07-21,2026-07-21 16:12:01+08:00
588410,科创创业人工智能ETF鹏华,1.348,1.348,0.0,0.094,7.5,88258.0,11295629.0,1.254,1.348,1.205,1.254,11.4,8.08,1.61,-6.37,35843.0,52415.0,1328221.0,11.76,1255865.0,11.12,72356.0,0.64,-581950.0,-5.15,-746270.0,-6.61,-248.0,1.347,1.348,109250000.0,147269000,147269000,2026-07-21,2026-07-21 16:11:50+08:00
159279,创业板人工智能ETF华安,1.472,1.4782,0.42,0.102,7.45,828971.0,115010642.444,1.372,1.473,1.295,1.37,12.99,51.69,1.21,27.41,417896.0,411075.0,2340099.0,2.03,953865.0,0.83,1386234.0,1.21,-718228.0,-0.62,-1621871.0,-1.41,-2665.0,1.472,1.473,160387534.0,236090450,236090450,2026-07-21,2026-07-21 15:34:30+08:00
159952,创业板ETF广发,2.25,2.246,-0.18,0.156,7.45,7755964.0,1683392885.391,2.105,2.251,2.057,2.094,9.26,17.05,1.6,-68.29,4556811.0,3199153.0,147114992.0,8.74,-77923664.0,-4.63,225038656.0,13.37,-52809632.0,-3.14,-94305350.0,-5.6,33708.0,2.249,2.25,4548685056.0,10234541376,10234541376,2026-07-21,2026-07-21 15:34:15+08:00
588690,科创增强ETF银华,1.228,1.247,1.52,0.085,7.44,50097.0,5798210.0,1.141,1.233,1.084,1.143,13.04,10.52,1.37,2.26,15170.0,34927.0,-215264.0,-3.71,202628.0,3.49,-417892.0,-7.21,241665.0,4.17,-26402.0,-0.46,-11.0,1.224,1.228,47636000.0,58497008,58497008,2026-07-21,2026-07-21 16:11:55+08:00
560170,央企科技ETF南方,1.262,1.2519,-0.81,0.087,7.4,686799.0,81305812.0,1.175,1.265,1.119,1.175,12.43,23.56,1.61,18.65,275516.0,411283.0,4494282.0,5.53,8698038.0,10.7,-4203756.0,-5.17,-4369990.0,-5.37,-124291.0,-0.15,-3134.0,1.261,1.262,291495504.0,367867326,367867326,2026-07-21,2026-07-21 16:11:57+08:00
159763,新材料ETF建信,0.728,0.7225,-0.76,0.05,7.37,89618.0,6281659.6,0.686,0.728,0.67,0.678,8.55,9.99,0.77,26.23,57302.0,32316.0,-113428.0,-1.81,1162086.0,18.5,-1275514.0,-20.31,199538.0,3.18,-86111.0,-1.37,-12.0,0.728,0.729,89707747.0,65307240,65307240,2026-07-21,2026-07-21 15:34:21+08:00
159703,新材料ETF天弘,0.905,0.8974,-0.85,0.062,7.35,83353.0,7215761.9,0.849,0.905,0.831,0.843,8.78,12.83,1.05,60.12,46164.0,37189.0,671200.0,9.3,1522922.0,21.11,-851722.0,-11.8,-155772.0,-2.16,-515429.0,-7.14,533.0,0.902,0.905,64981591.0,58808340,58808340,2026-07-21,2026-07-21 15:34:00+08:00
561460,人工智能ETF天弘,0.92,0.9247,0.51,0.063,7.35,346323.0,30553404.0,0.869,0.92,0.829,0.857,10.62,11.8,1.28,-1.35,188351.0,157972.0,6280383.0,20.56,3729214.0,12.21,2551169.0,8.35,-4452117.0,-14.57,-1828267.0,-5.98,-2868.0,0.918,0.92,293520000.0,270038400,270038400,2026-07-21,2026-07-21 16:11:45+08:00
159373,创业板50ETF嘉实,1.89,1.8959,0.31,0.129,7.33,399139.0,71491741.2,1.761,1.89,1.73,1.761,9.09,26.69,1.2,-70.18,203698.0,195441.0,485468.0,0.68,5558359.0,7.77,-5072891.0,-7.1,518081.0,0.72,-1003549.0,-1.4,-689.0,1.89,1.895,149557494.0,282663664,282663664,2026-07-21,2026-07-21 15:34:21+08:00
159663,机床ETF华夏,0.982,0.9784,-0.37,0.067,7.32,1085083.0,99568264.8,0.91,0.983,0.862,0.915,13.22,26.02,0.84,-11.66,477312.0,607771.0,-5366106.0,-5.39,4122885.0,4.14,-9488991.0,-9.53,1057965.0,1.06,4308142.0,4.33,-1909.0,0.982,0.983,417035168.0,409528535,409528535,2026-07-21,2026-07-21 15:34:45+08:00
159971,创业板ETF富国,1.292,1.2856,-0.5,0.088,7.31,1590666.0,196622729.77,1.203,1.292,1.178,1.204,9.47,10.6,1.29,34.09,998759.0,591906.0,31024975.0,15.78,17453516.0,8.88,13571459.0,6.9,-14335810.0,-7.29,-16689166.0,-8.49,-5813.0,1.292,1.293,1500020288.0,1938026212,1938026212,2026-07-21,2026-07-21 15:34:51+08:00
159381,创业板人工智能ETF华夏,1.235,1.2338,-0.1,0.084,7.3,7642896.0,879493657.4,1.154,1.235,1.081,1.151,13.38,45.09,1.23,73.85,3316064.0,4326832.0,3110096.0,0.35,-17850624.0,-2.03,20960720.0,2.38,2640264.0,0.3,-5750358.0,-0.65,-14737.0,1.235,1.236,1695153200.0,2093514202,2093514202,2026-07-21,2026-07-21 15:34:27+08:00
588240,科创200ETF鹏华,1.575,1.5702,-0.31,0.107,7.29,355485.0,52069834.0,1.468,1.575,1.365,1.468,14.31,29.71,1.26,0.84,191414.0,164071.0,1671103.0,3.21,776919.0,1.49,894184.0,1.72,-1959283.0,-3.76,288180.0,0.55,-118.0,1.575,1.577,119633000.0,188421975,188421975,2026-07-21,2026-07-21 16:12:00+08:00
159977,创业板ETF天弘,1.925,1.9203,-0.24,0.13,7.24,2290957.0,422395861.381,1.796,1.925,1.757,1.795,9.36,7.1,1.29,39.67,1134445.0,1156512.0,19914806.0,4.71,15560107.0,3.68,4354699.0,1.03,-93293.0,-0.02,-19821513.0,-4.69,-6829.0,1.925,1.926,3227872816.0,6213655171,6213655171,2026-07-21,2026-07-21 15:34:21+08:00
588140,科创200ETF广发,1.145,1.1461,0.1,0.077,7.21,116581.0,12618970.0,1.07,1.16,1.016,1.068,13.48,5.07,1.24,57.43,50063.0,66518.0,-413538.0,-3.28,-836343.0,-6.63,422805.0,3.35,424681.0,3.37,-11144.0,-0.09,-341.0,1.146,1.148,229751000.0,263064895,263064895,2026-07-21,2026-07-21 16:11:39+08:00
159964,创业板ETF平安,2.422,2.4165,-0.23,0.162,7.17,70117.0,16050284.8,2.26,2.422,2.215,2.26,9.16,4.34,0.44,71.46,35067.0,35050.0,712809.0,4.44,3285600.0,20.47,-2572791.0,-16.03,242086.0,1.51,-954896.0,-5.95,-24.0,2.422,2.432,161481881.0,391109116,391109116,2026-07-21,2026-07-21 15:34:18+08:00
588790,科创AIETF博时,0.868,0.8664,-0.18,0.058,7.16,5614824.0,463187416.0,0.822,0.868,0.783,0.81,10.49,18.18,1.05,-5.08,2741463.0,2873361.0,32547883.0,7.03,-2548973.0,-0.55,35096856.0,7.58,-7135142.0,-1.54,-25412740.0,-5.49,-12729.0,0.868,0.869,3088384000.0,2680717312,2680717312,2026-07-21,2026-07-21 16:11:37+08:00
159695,通信ETF嘉实,0.958,0.9563,-0.18,0.064,7.16,1205212.0,108818654.12,0.9,0.958,0.839,0.894,13.31,12.48,3.26,1.18,619841.0,585371.0,4126379.0,3.79,487121.0,0.45,3639258.0,3.34,-1270508.0,-1.17,-2855872.0,-2.62,19516.0,0.957,0.958,965436256.0,924887933,924887933,2026-07-21,2026-07-21 15:34:33+08:00
159761,新材料ETF国泰,0.797,0.7937,-0.42,0.053,7.12,164891.0,12786176.9,0.743,0.798,0.733,0.744,8.74,8.3,0.88,-18.43,93136.0,71755.0,1060288.0,8.29,-182593.0,-1.43,1242881.0,9.72,-457250.0,-3.58,-603037.0,-4.72,187.0,0.796,0.797,198734117.0,158391091,158391091,2026-07-21,2026-07-21 15:34:18+08:00
588930,科创人工智能ETF银华,1.715,1.7113,-0.22,0.114,7.12,480853.0,78481151.0,1.609,1.716,1.548,1.601,10.49,8.0,1.0,26.09,245250.0,235603.0,1105346.0,1.41,-636597.0,-0.81,1741943.0,2.22,2211229.0,2.82,-3316575.0,-4.23,-3118.0,1.714,1.715,601329008.0,1031279249,1031279249,2026-07-21,2026-07-21 16:11:38+08:00
159957,创业板ETF华夏,2.439,2.431,-0.33,0.162,7.11,2314926.0,537839072.387,2.277,2.439,2.222,2.277,9.53,19.56,1.31,-23.57,1226501.0,1088425.0,50493803.0,9.39,49181669.0,9.14,1312134.0,0.24,-15082203.0,-2.8,-35411600.0,-6.58,9844.0,2.438,2.439,1183784560.0,2887250542,2887250542,2026-07-21,2026-07-21 15:34:36+08:00
588730,科创人工智能ETF易方达,1.618,1.6133,-0.29,0.107,7.08,871313.0,134081117.0,1.525,1.618,1.46,1.511,10.46,12.25,0.71,-40.7,434768.0,436545.0,10098111.0,7.53,6392528.0,4.77,3705583.0,2.76,-2607339.0,-1.94,-7490771.0,-5.59,-2050.0,1.618,1.619,711396304.0,1151039220,1151039220,2026-07-21,2026-07-21 16:11:56+08:00
159808,创100ETF融通,1.423,1.4297,0.47,0.094,7.07,35943.0,4889745.365,1.329,1.425,1.309,1.329,8.73,6.98,0.9,28.12,17133.0,18810.0,-944693.0,-19.32,1263.0,0.03,-945956.0,-19.35,1202436.0,24.59,-257743.0,-5.27,73.0,1.421,1.423,51484790.0,73262856,73262856,2026-07-21,2026-07-21 15:34:45+08:00
589010,科创人工智能ETF华夏,1.529,1.5311,0.14,0.101,7.07,1154094.0,166329250.0,1.436,1.532,1.382,1.428,10.5,12.57,0.9,44.81,500604.0,653490.0,-4854881.0,-2.92,-5113946.0,-3.07,259065.0,0.16,5865259.0,3.53,-1010378.0,-0.61,-2000.0,1.528,1.529,917793008.0,1403305509,1403305509,2026-07-21,2026-07-21 16:11:36+08:00
588820,科创200ETF华夏,1.82,1.8214,0.08,0.12,7.06,213564.0,36011655.0,1.691,1.825,1.59,1.7,13.82,14.69,1.64,51.65,100487.0,113077.0,-1371676.0,-3.81,-337928.0,-0.94,-1033748.0,-2.87,1538839.0,4.27,-167163.0,-0.46,-348.0,1.82,1.824,145400000.0,264628000,264628000,2026-07-21,2026-07-21 16:11:47+08:00
159242,创业板人工智能ETF大成,2.184,2.2002,0.74,0.144,7.06,958532.0,196215150.717,2.04,2.186,1.923,2.04,12.89,16.38,1.45,-58.85,551139.0,407393.0,3140627.0,1.6,2287047.0,1.17,853580.0,0.44,39049.0,0.02,-3179676.0,-1.62,-2106.0,2.184,2.185,585278576.0,1278248410,1278248410,2026-07-21,2026-07-21 15:34:21+08:00
159682,创业板50ETF景顺,1.72,1.7183,-0.1,0.113,7.03,3746151.0,619234526.4,1.617,1.72,1.57,1.607,9.33,12.14,1.2,3.66,2019955.0,1726196.0,25674643.0,4.15,-8881189.0,-1.43,34555832.0,5.58,6049997.0,0.98,-31724637.0,-5.12,11822.0,1.719,1.72,3086307664.0,5308449182,5308449182,2026-07-21,2026-07-21 15:34:30+08:00
588470,科创创业人工智能ETF华安,0.948,0.9512,0.34,0.062,7.0,441755.0,40446406.0,0.887,0.954,0.851,0.886,11.63,15.73,1.12,29.52,251453.0,190302.0,5933647.0,14.67,8458111.0,20.91,-2524464.0,-6.24,-4409106.0,-10.9,-1524541.0,-3.77,-430.0,0.948,0.95,280907008.0,266299844,266299844,2026-07-21,2026-07-21 16:11:33+08:00
589280,科创增强ETF华宝,0.917,0.9162,-0.09,0.06,7.0,46047.0,3974247.0,0.865,0.92,0.825,0.857,11.09,2.89,0.34,4.08,17852.0,28195.0,-215213.0,-5.42,-792723.0,-19.95,577510.0,14.53,225985.0,5.69,-10773.0,-0.27,-1403.0,0.915,0.917,159069000.0,145866273,145866273,2026-07-21,2026-07-21 16:11:38+08:00
589560,科创人工智能ETF汇添富,1.04,1.0382,-0.17,0.068,7.0,83376.0,8328088.0,0.98,1.04,0.941,0.972,10.19,3.59,0.71,42.25,51470.0,31906.0,1361745.0,16.35,1151757.0,13.83,209988.0,2.52,-892503.0,-10.72,-469242.0,-5.63,-2587.0,1.04,1.041,232355000.0,241649200,241649200,2026-07-21,2026-07-21 16:11:37+08:00
589520,科创人工智能ETF华宝,0.658,0.6573,-0.11,0.043,6.99,963378.0,60260575.0,0.62,0.658,0.594,0.615,10.41,13.32,0.79,4.6,606519.0,356859.0,6704086.0,11.13,1983456.0,3.29,4720630.0,7.83,-3255511.0,-5.4,-3448575.0,-5.72,-918.0,0.657,0.658,723104608.0,475802832,475802832,2026-07-21,2026-07-21 16:11:51+08:00
588910,科创价值ETF建信,1.485,1.4782,-0.46,0.097,6.99,54876.0,7643160.0,1.389,1.492,1.332,1.388,11.53,5.33,0.55,38.99,22146.0,32730.0,367786.0,4.81,0.0,0.0,367786.0,4.81,-242384.0,-3.17,-125402.0,-1.64,-1989.0,1.485,1.486,103049100.0,153027914,153027914,2026-07-21,2026-07-21 16:11:39+08:00
589320,科创200ETF嘉实,0.812,0.8145,0.31,0.053,6.98,83752.0,6332542.0,0.759,0.812,0.708,0.759,13.7,6.49,0.89,-19.27,40067.0,43685.0,407155.0,6.43,-192890.0,-3.05,600045.0,9.48,-202006.0,-3.19,-205149.0,-3.24,-1784.0,0.812,0.813,129053000.0,104791036,104791036,2026-07-21,2026-07-21 16:11:59+08:00
159369,创业板50ETF易方达,1.519,1.51,-0.6,0.099,6.97,793075.0,115204221.092,1.435,1.519,1.387,1.42,9.3,21.8,2.89,41.88,323572.0,469503.0,6292581.0,5.46,21377962.0,18.56,-15085381.0,-13.09,-3602102.0,-3.13,-2690480.0,-2.34,-2667.0,1.519,1.52,363753488.0,552541548,552541548,2026-07-21,2026-07-21 15:34:15+08:00
159949,创业板50ETF华安,1.766,1.7692,0.18,0.115,6.97,29801800.0,5077734390.444,1.662,1.768,1.615,1.651,9.27,23.38,1.51,-48.24,15766549.0,14035252.0,134313072.0,2.65,-87556544.0,-1.72,221869616.0,4.37,-37056512.0,-0.73,-97256560.0,-1.92,136513.0,1.765,1.766,12745785088.0,22509056465,22509056465,2026-07-21,2026-07-21 15:34:36+08:00
159507,通信ETF广发,0.876,0.8709,-0.59,0.057,6.96,1869981.0,155353794.999,0.823,0.876,0.769,0.819,13.06,19.98,1.46,30.24,861326.0,1008655.0,2150071.0,1.38,11079949.0,7.13,-8929878.0,-5.75,-1019135.0,-0.66,-1130935.0,-0.73,-20642.0,0.876,0.877,935830896.0,819787865,819787865,2026-07-21,2026-07-21 15:34:00+08:00
159701,物联网ETF招商,1.354,1.355,0.07,0.088,6.95,10313.0,1348330.2,1.276,1.358,1.229,1.266,10.19,18.08,0.57,1.16,5243.0,5070.0,-109007.0,-8.08,0.0,0.0,-109007.0,-8.08,120294.0,8.92,-11287.0,-0.84,-1.0,1.349,1.359,5705601.0,7725384,7725384,2026-07-21,2026-07-21 15:34:00+08:00
589200,科创200ETF工银,1.31,1.3059,-0.31,0.085,6.94,41432.0,5028738.0,1.26,1.318,1.137,1.225,14.78,16.24,1.13,-13.03,22122.0,19310.0,48735.0,0.97,805068.0,16.01,-756333.0,-15.04,-42019.0,-0.84,-6717.0,-0.13,-1662.0,1.31,1.311,25507000.0,33414170,33414170,2026-07-21,2026-07-21 16:11:49+08:00
159298,创业板50ETF大成,1.31,1.3106,0.05,0.085,6.94,135033.0,17083028.0,1.225,1.312,1.2,1.225,9.14,8.87,1.6,61.34,80270.0,54763.0,4064133.0,23.79,4128743.0,24.17,-64610.0,-0.38,-2481367.0,-14.53,-1582766.0,-9.27,-2223.0,1.31,1.311,152281082.0,199488217,199488217,2026-07-21,2026-07-21 15:34:33+08:00
589110,科创人工智能ETF国泰,1.004,1.0041,0.01,0.065,6.92,164600.0,15798566.0,0.939,1.008,0.91,0.939,10.44,3.3,0.96,-15.29,102259.0,62341.0,731148.0,4.63,-2005292.0,-12.69,2736440.0,17.32,-468677.0,-2.97,-262471.0,-1.66,-505.0,1.003,1.004,498413008.0,500406660,500406660,2026-07-21,2026-07-21 16:12:01+08:00
562030,信创ETF华宝,0.525,0.524,-0.19,0.034,6.92,111870.0,5601373.0,0.492,0.525,0.478,0.491,9.57,7.61,0.83,23.44,76188.0,35682.0,110097.0,1.97,403110.0,7.2,-293013.0,-5.23,-75477.0,-1.35,-34621.0,-0.62,-2099.0,0.525,0.526,146973900.0,77161298,77161298,2026-07-21,2026-07-21 16:11:41+08:00
588760,科创人工智能ETF广发,0.82,0.821,0.12,0.053,6.91,4557159.0,353800690.0,0.77,0.821,0.742,0.767,10.3,19.66,0.99,5.84,2280667.0,2276492.0,21841034.0,6.17,3597678.0,1.02,18243356.0,5.16,-13710892.0,-3.88,-8130142.0,-2.3,-11949.0,0.819,0.82,2317532000.0,1900376240,1900376240,2026-07-21,2026-07-21 16:11:41+08:00
589220,科创200ETF国泰,0.959,0.9617,0.28,0.062,6.91,342390.0,30565869.0,0.901,0.959,0.836,0.897,13.71,10.62,1.02,13.3,163943.0,178447.0,146960.0,0.48,-1056430.0,-3.46,1203390.0,3.94,-33535.0,-0.11,-113425.0,-0.37,-1726.0,0.959,0.96,322495808.0,309273480,309273480,2026-07-21,2026-07-21 16:11:41+08:00
159370,创50ETF工银,1.965,1.967,0.1,0.127,6.91,107157.0,20249208.5,1.836,1.965,1.794,1.838,9.3,5.54,2.46,-35.7,52053.0,55104.0,-7475650.0,-36.92,-8787172.0,-43.4,1311522.0,6.48,7677547.0,37.92,-201897.0,-1.0,100.0,1.964,1.967,193316009.0,379865958,379865958,2026-07-21,2026-07-21 15:34:21+08:00
589410,科创人工智能ETF嘉实,0.914,0.9199,0.64,0.059,6.9,228892.0,20167403.0,0.878,0.915,0.83,0.855,9.94,4.55,0.59,1.26,141920.0,86972.0,4288240.0,21.26,3963500.0,19.65,324740.0,1.61,-3650782.0,-18.1,-637459.0,-3.16,-897.0,0.914,0.915,502565600.0,459344958,459344958,2026-07-21,2026-07-21 16:11:56+08:00
159958,创业板ETF工银,2.234,2.2296,-0.2,0.144,6.89,134210.0,28630316.4,2.09,2.234,2.046,2.09,9.0,5.8,1.97,75.44,80909.0,53301.0,8335934.0,29.12,9392134.0,32.8,-1056200.0,-3.69,-5144491.0,-17.97,-3191443.0,-11.15,260.0,2.232,2.234,231511448.0,517196575,517196575,2026-07-21,2026-07-21 15:34:42+08:00
159383,创业板50ETF华泰柏瑞,1.849,1.8455,-0.19,0.119,6.88,163402.0,29159722.7,1.73,1.866,1.69,1.73,10.17,33.28,2.08,-39.91,62394.0,101008.0,2250314.0,7.72,5022341.0,17.22,-2772027.0,-9.51,-1987466.0,-6.82,-262849.0,-0.9,532.0,1.848,1.849,49092486.0,90772007,90772007,2026-07-21,2026-07-21 15:34:39+08:00
159896,物联网ETF南方,1.367,1.3631,-0.29,0.088,6.88,29684.0,3809323.505,1.317,1.37,1.24,1.279,10.16,8.47,1.12,-54.71,13929.0,15755.0,659393.0,17.31,83467.0,2.19,575926.0,15.12,-562017.0,-14.75,-97378.0,-2.56,-51.0,1.363,1.372,35055960.0,47921497,47921497,2026-07-21,2026-07-21 15:34:51+08:00
159681,创业板50ETF鹏华,1.74,1.7427,0.15,0.112,6.88,1219229.0,202599351.2,1.632,1.74,1.59,1.628,9.21,11.33,1.3,53.94,689440.0,529789.0,-5125751.0,-2.53,1611332.0,0.8,-6737083.0,-3.33,12425977.0,6.13,-7300227.0,-3.6,-4146.0,1.74,1.741,1075772336.0,1871843865,1871843865,2026-07-21,2026-07-21 15:34:45+08:00
159821,创业板ETF中银证券,1.385,1.3851,0.01,0.089,6.87,52987.0,7044095.0,1.302,1.388,1.275,1.296,8.72,9.12,2.17,69.74,18429.0,34558.0,1691518.0,24.01,3957598.0,56.18,-2266080.0,-32.17,-707903.0,-10.05,-983616.0,-13.96,-124.0,1.385,1.387,58120000.0,80496200,80496200,2026-07-21,2026-07-21 15:34:36+08:00
159777,创科技ETF国联安,1.245,1.2516,0.53,0.08,6.87,67722.0,8104635.8,1.162,1.25,1.135,1.165,9.87,20.35,1.63,78.85,34776.0,32946.0,154045.0,1.9,0.0,0.0,154045.0,1.9,-127472.0,-1.57,-26573.0,-0.33,90.0,1.244,1.245,33280565.0,41434303,41434303,2026-07-21,2026-07-21 15:34:30+08:00
516710,新材料ETF华夏,0.748,0.7467,-0.17,0.048,6.86,63762.0,4572688.0,0.7,0.749,0.69,0.7,8.43,7.94,0.8,-5.52,38560.0,25202.0,-398619.0,-8.72,34371.0,0.75,-432990.0,-9.47,596062.0,13.04,-197444.0,-4.32,-283.0,0.747,0.748,80272000.0,60043456,60043456,2026-07-21,2026-07-21 16:11:38+08:00
159667,工业母机ETF国泰,0.655,0.657,0.3,0.042,6.85,4558036.0,288104279.685,0.615,0.662,0.577,0.613,13.87,13.69,1.59,-57.65,2352408.0,2205628.0,10594158.0,3.68,-36738264.0,-12.75,47332422.0,16.43,-1047093.0,-0.36,-9547065.0,-3.31,36547.0,0.654,0.655,3330050720.0,2181183222,2181183222,2026-07-21,2026-07-21 15:34:27+08:00
159895,物联网ETF易方达,1.475,1.4716,-0.23,0.094,6.81,40617.0,5698731.2,1.381,1.475,1.338,1.381,9.92,5.55,0.85,82.75,18302.0,22315.0,2199699.0,38.6,138900.0,2.44,2060799.0,36.16,-2123030.0,-37.25,-76669.0,-1.35,-1.0,1.475,1.478,73241864.0,108031749,108031749,2026-07-21,2026-07-21 15:34:00+08:00
159908,创业板ETF博时,3.45,3.4538,0.11,0.22,6.81,242103.0,79456411.1,3.231,3.45,3.16,3.23,8.98,7.18,1.4,6.14,113929.0,128174.0,4849893.0,6.1,14034567.0,17.66,-9184674.0,-11.56,-418180.0,-0.53,-4431714.0,-5.58,591.0,3.449,3.45,337229024.0,1163440133,1163440133,2026-07-21,2026-07-21 15:34:18+08:00
159991,创业板大盘ETF招商,0.88,0.8838,0.43,0.056,6.8,166727.0,14105923.9,0.825,0.882,0.806,0.824,9.22,15.4,1.66,-3.1,88428.0,78299.0,2363809.0,16.76,3184167.0,22.57,-820358.0,-5.82,-1613787.0,-11.44,-750022.0,-5.32,-450.0,0.88,0.881,108263172.0,95271591,95271591,2026-07-21,2026-07-21 15:34:06+08:00
159075,工业互联网ETF华夏,0.959,0.954,-0.52,0.061,6.79,191956.0,17821127.659,0.894,0.959,0.878,0.898,9.02,8.8,0.73,-54.28,130571.0,61384.0,5226511.0,29.33,2138426.0,12.0,3088085.0,17.33,-4169559.0,-23.4,-1056952.0,-5.93,3313.0,0.956,0.959,218197165.0,209251081,209251081,2026-07-21,2026-07-21 15:34:39+08:00
589310,科创人工智能ETF鑫元,0.898,0.8999,0.21,0.057,6.78,70015.0,6001538.0,0.849,0.898,0.816,0.841,9.75,2.44,0.73,9.96,45415.0,24600.0,549956.0,9.16,228539.0,3.81,321417.0,5.36,81671.0,1.36,-631629.0,-10.52,-1026.0,0.898,0.899,286491808.0,257269644,257269644,2026-07-21,2026-07-21 16:11:41+08:00
588270,科创200ETF易方达,1.594,1.5938,-0.01,0.101,6.76,276658.0,40995478.0,1.502,1.596,1.384,1.493,14.2,10.42,1.88,-4.97,178270.0,98388.0,2228003.0,5.43,6878606.0,16.78,-4650603.0,-11.34,-2345715.0,-5.72,117712.0,0.29,-60.0,1.593,1.594,265410000.0,423063540,423063540,2026-07-21,2026-07-21 16:11:40+08:00
516360,新材料ETF华宝,1.03,1.0293,-0.07,0.065,6.74,19339.0,1933722.0,0.972,1.03,0.952,0.965,8.08,3.48,0.64,13.27,14032.0,5307.0,667933.0,34.54,684647.0,35.41,-16714.0,-0.86,-397716.0,-20.57,-270216.0,-13.97,-147.0,1.03,1.032,55551800.0,57218354,57218354,2026-07-21,2026-07-21 16:11:52+08:00
589090,科创AIETF鹏华,1.158,1.1542,-0.33,0.073,6.73,97308.0,10825924.0,1.095,1.158,1.047,1.085,10.23,6.1,1.62,21.96,51340.0,45968.0,2219108.0,20.5,3155233.0,29.15,-936125.0,-8.65,-1027566.0,-9.49,-1191542.0,-11.01,-348.0,1.156,1.158,159431000.0,184621098,184621098,2026-07-21,2026-07-21 16:11:48+08:00
159956,创业板ETF建信,2.34,2.3465,0.28,0.147,6.7,56909.0,12612274.5,2.198,2.34,2.148,2.193,8.76,12.94,1.79,-26.6,27932.0,28977.0,1431112.0,11.35,1470920.0,11.66,-39808.0,-0.32,-1415463.0,-11.22,-15649.0,-0.12,42.0,2.336,2.34,43978674.0,102910097,102910097,2026-07-21,2026-07-21 15:34:39+08:00
159142,科创创业人工智能ETF景顺,1.355,1.3551,0.01,0.085,6.69,1313247.0,168760024.46,1.278,1.357,1.208,1.27,11.73,11.92,1.37,28.95,660501.0,652746.0,4180376.0,2.48,10069820.0,5.97,-5889444.0,-3.49,2283624.0,1.35,-6463998.0,-3.83,-5549.0,1.355,1.356,1101260144.0,1492207495,1492207495,2026-07-21,2026-07-21 15:34:18+08:00
159915,创业板ETF易方达,3.709,3.7099,0.02,0.232,6.67,42769293.0,15265724239.607,3.488,3.713,3.393,3.477,9.2,28.66,1.32,15.36,22337140.0,20432154.0,1340519680.0,8.78,1714104576.0,11.23,-373584896.0,-2.45,-547422240.0,-3.59,-793097408.0,-5.2,-166605.0,3.709,3.71,14920454912.0,55339967269,55339967269,2026-07-21,2026-07-21 15:34:24+08:00
159371,创业板50ETF富国,1.858,1.8542,-0.2,0.116,6.66,82359.0,14736760.6,1.748,1.858,1.697,1.742,9.24,4.73,1.45,37.66,48486.0,33873.0,1406485.0,9.54,940388.0,6.38,466097.0,3.16,-287929.0,-1.95,-1118557.0,-7.59,-347.0,1.858,1.859,174221172.0,323702938,323702938,2026-07-21,2026-07-21 15:34:18+08:00
563560,科技成长ETF兴业,1.283,1.284,0.08,0.08,6.65,43429.0,5306073.0,1.199,1.294,1.146,1.203,12.3,7.27,0.77,35.73,26069.0,17360.0,143198.0,2.7,0.0,0.0,143198.0,2.7,-143079.0,-2.7,-119.0,0.0,-5.0,1.282,1.283,59769000.0,76683627,76683627,2026-07-21,2026-07-21 16:11:40+08:00
589550,科创价值ETF华夏,1.382,1.3802,-0.13,0.086,6.64,23492.0,3075751.0,1.307,1.402,1.285,1.296,9.03,9.29,0.7,-63.26,14590.0,8902.0,18800.0,0.61,0.0,0.0,18800.0,0.61,-5192.0,-0.17,-13609.0,-0.44,-80.0,1.378,1.382,25295500.0,34958381,34958381,2026-07-21,2026-07-21 16:11:51+08:00
159375,创业板50ETF国泰,0.79,0.7897,-0.04,0.049,6.61,310597.0,23327569.95,0.746,0.79,0.722,0.741,9.18,9.66,1.23,61.32,154193.0,156404.0,319944.0,1.37,-1504637.0,-6.45,1824581.0,7.82,-245239.0,-1.05,-74706.0,-0.32,-214.0,0.79,0.791,321595344.0,254060322,254060322,2026-07-21,2026-07-21 15:34:36+08:00
589820,科创200ETF建信,1.177,1.1854,0.71,0.073,6.61,127262.0,14101599.0,1.103,1.181,1.04,1.104,12.77,9.81,1.81,14.9,77554.0,49708.0,36464.0,0.26,1574526.0,11.17,-1538062.0,-10.91,-374904.0,-2.66,338441.0,2.4,-5.0,1.177,1.18,129720200.0,152680675,152680675,2026-07-21,2026-07-21 16:11:51+08:00
589580,科创综指ETF兴银,1.617,1.6199,0.18,0.1,6.59,4341.0,666089.0,1.526,1.624,1.45,1.517,11.47,4.19,0.72,-32.0,2106.0,2235.0,7322.0,1.1,0.0,0.0,7322.0,1.1,-16640.0,-2.5,9318.0,1.4,-1266.0,1.606,1.617,10354800.0,16743712,16743712,2026-07-21,2026-07-21 16:11:33+08:00
530530,上证580ETF华夏,1.087,1.0832,-0.35,0.067,6.57,51812.0,5472471.0,1.025,1.096,0.985,1.02,10.88,3.77,1.77,1.14,12881.0,38931.0,-73536.0,-1.34,-24674.0,-0.45,-48862.0,-0.89,83085.0,1.52,-9549.0,-0.17,-17.0,1.084,1.088,137460000.0,149419020,149419020,2026-07-21,2026-07-21 16:11:44+08:00
159786,VRETF银华,1.222,1.2206,-0.11,0.075,6.54,244703.0,28367382.4,1.146,1.224,1.106,1.147,10.29,25.84,1.18,-22.74,122111.0,122592.0,1405625.0,4.96,1724813.0,6.08,-319188.0,-1.13,-498590.0,-1.76,-907035.0,-3.2,673.0,1.221,1.222,94701174.0,115724835,115724835,2026-07-21,2026-07-21 15:34:36+08:00
159836,创业板300ETF天弘,1.322,1.3254,0.26,0.081,6.53,39547.0,5028648.8,1.247,1.322,1.211,1.241,8.94,3.6,0.96,80.4,19518.0,20029.0,30013.0,0.6,971679.0,19.32,-941666.0,-18.73,228966.0,4.55,-258979.0,-5.15,111.0,1.322,1.325,109747113.0,145085683,145085683,2026-07-21,2026-07-21 15:34:00+08:00
159062,稀有金属ETF南方,0.768,0.7699,0.25,0.047,6.52,179027.0,13311651.192,0.728,0.769,0.715,0.721,7.49,14.71,1.08,57.92,111902.0,67125.0,1053043.0,7.91,-1908013.0,-14.33,2961056.0,22.24,-525499.0,-3.95,-527545.0,-3.96,-1553.0,0.768,0.769,121701256.0,93466565,93466565,2026-07-21,2026-07-21 15:34:54+08:00
159709,物联网ETF工银,1.838,1.8436,0.3,0.112,6.49,7055.0,1223029.138,1.736,1.838,1.679,1.726,9.21,3.28,2.42,89.24,3995.0,3060.0,322076.0,26.33,349739.0,28.6,-27663.0,-2.26,-172919.0,-14.14,-149158.0,-12.2,-30.0,1.831,1.839,21484060.0,39487702,39487702,2026-07-21,2026-07-21 15:34:39+08:00
159676,创业板增强ETF富国,1.647,1.6427,-0.26,0.1,6.46,296154.0,46911260.977,1.551,1.647,1.504,1.547,9.24,22.34,2.11,10.22,180700.0,115454.0,4608776.0,9.82,-1119921.0,-2.39,5728697.0,12.21,774564.0,1.65,-5383339.0,-11.48,-811.0,1.647,1.648,132564183.0,218333209,218333209,2026-07-21,2026-07-21 15:34:51+08:00
159205,创业板ETF东财,1.8,1.8115,0.63,0.109,6.45,1895127.0,328524773.8,1.693,1.8,1.657,1.691,8.46,31.22,1.54,-2.65,1121549.0,773578.0,51742275.0,15.75,-4105507.0,-1.25,55847782.0,17.0,-12287069.0,-3.74,-39455208.0,-12.01,-12409.0,1.8,1.801,607056064.0,1092700915,1092700915,2026-07-21,2026-07-21 15:34:51+08:00
159293,创业板综增强ETF建信,1.064,1.064,0.0,0.064,6.4,35627.0,3597379.092,1.01,1.064,0.961,1.0,10.3,15.38,0.59,14.08,15205.0,20422.0,-89848.0,-2.5,0.0,0.0,-89848.0,-2.5,66106.0,1.84,23741.0,0.66,-5.0,1.064,1.065,23159397.0,24641598,24641598,2026-07-21,2026-07-21 15:34:42+08:00
159322,黄金股ETF平安,1.414,1.4138,-0.01,0.085,6.4,86604.0,11927966.2,1.336,1.414,1.336,1.329,5.87,6.96,1.25,4.39,51748.0,34856.0,2062260.0,17.29,0.0,0.0,2062260.0,17.29,-638176.0,-5.35,-1424083.0,-11.94,-1892.0,1.414,1.415,124411691.0,175918131,175918131,2026-07-21,2026-07-21 15:34:12+08:00
515920,智能消费ETF博时,1.265,1.2675,0.2,0.076,6.39,60127.0,7197553.0,1.189,1.268,1.17,1.189,8.24,9.34,0.95,23.71,42916.0,17211.0,-438821.0,-6.1,-774420.0,-10.76,335599.0,4.66,491213.0,6.82,-52391.0,-0.73,-1956.0,1.265,1.267,64405700.0,81473211,81473211,2026-07-21,2026-07-21 16:12:02+08:00
517520,黄金股ETF永赢,1.754,1.7488,-0.3,0.105,6.37,3607641.0,617506891.0,1.665,1.755,1.664,1.649,5.52,6.18,1.14,-20.47,1873231.0,1734410.0,-205371835.0,-33.26,-112202112.0,-18.17,-93169723.0,-15.09,33097919.0,5.36,172273921.0,27.9,-31354.0,1.753,1.754,5835904000.0,10236175616,10236175616,2026-07-21,2026-07-21 16:11:55+08:00
159247,创业板ETF汇添富,1.104,1.1082,0.38,0.066,6.36,1514753.0,160924192.232,1.038,1.104,1.013,1.038,8.77,32.79,1.67,-5.8,847231.0,667522.0,37233473.0,23.14,14907023.0,9.26,22326450.0,13.87,-21994708.0,-13.67,-15238764.0,-9.47,13775.0,1.103,1.104,461984960.0,510031396,510031396,2026-07-21,2026-07-21 15:34:09+08:00
159131,港股通信息技术ETF华宝,0.988,0.9839,-0.42,0.059,6.35,46834102.0,4509865424.921,0.942,0.996,0.929,0.929,7.21,248.73,1.46,-37.57,24926506.0,21907596.0,6369904.0,0.14,51590784.0,1.14,-45220880.0,-1.0,2657952.0,0.06,-9027861.0,-0.2,185958.0,0.987,0.988,1882919904.0,1860324865,1860324865,2026-07-21,2026-07-21 15:34:24+08:00
159372,创业板50ETF万家,1.98,1.9778,-0.11,0.117,6.28,77276.0,14638100.397,1.873,1.98,1.815,1.863,8.86,12.37,2.16,48.83,40095.0,37181.0,-855012.0,-5.84,205964.0,1.41,-1060976.0,-7.25,923044.0,6.31,-68032.0,-0.46,-214.0,1.98,1.981,62451588.0,123654144,123654144,2026-07-21,2026-07-21 15:34:33+08:00
159948,创业板ETF南方,4.101,4.0909,-0.25,0.241,6.24,754251.0,298665123.565,3.859,4.12,3.737,3.86,9.92,6.72,1.55,85.27,350835.0,403416.0,-1953701.0,-0.65,-47011522.0,-15.74,45057821.0,15.09,13092589.0,4.38,-11138888.0,-3.73,-1394.0,4.101,4.102,1121697728.0,4600082383,4600082383,2026-07-21,2026-07-21 15:34:12+08:00
560660,云计算50ETF新华,1.18,1.1714,-0.73,0.069,6.21,224304.0,25168077.0,1.105,1.18,1.064,1.111,10.44,15.69,1.37,45.98,114320.0,109984.0,160071.0,0.64,299292.0,1.19,-139221.0,-0.55,975685.0,3.88,-1135756.0,-4.51,-4753.0,1.18,1.181,142938000.0,168666840,168666840,2026-07-21,2026-07-21 16:11:45+08:00
159562,黄金股ETF华夏,1.905,1.9029,-0.11,0.111,6.19,912087.0,169310148.128,1.812,1.906,1.811,1.794,5.3,4.16,1.09,-53.82,571156.0,340931.0,18384673.0,10.86,10921892.0,6.45,7462781.0,4.41,-8743576.0,-5.16,-9641096.0,-5.69,7458.0,1.904,1.905,2195130512.0,4181723625,4181723625,2026-07-21,2026-07-21 15:34:39+08:00
526000,港股通信息技术ETF华夏,1.208,1.2097,0.14,0.07,6.15,5743901.0,673576735.0,1.157,1.215,1.138,1.138,6.77,393.04,0.86,-8.92,2977364.0,2766537.0,10798195.0,1.6,14704771.0,2.18,-3906576.0,-0.58,-6816039.0,-1.01,-3982161.0,-0.59,-7356.0,1.208,1.209,146142000.0,176539536,176539536,2026-07-21,2026-07-21 16:12:00+08:00
526050,港股通信息技术ETF招商,1.095,1.0954,0.04,0.063,6.1,2439198.0,260000352.0,1.043,1.101,1.031,1.032,6.78,326.84,1.23,-7.84,1283321.0,1155877.0,5643809.0,2.17,-1542314.0,-0.59,7186123.0,2.76,-5280064.0,-2.03,-363746.0,-0.14,-2080.0,1.094,1.095,74630000.0,81719850,81719850,2026-07-21,2026-07-21 16:11:44+08:00
520710,港股通信息技术ETF广发,0.924,0.9244,0.04,0.053,6.08,1202965.0,107990632.0,0.883,0.927,0.872,0.871,6.31,108.35,1.04,-32.99,655119.0,547846.0,5656798.0,5.24,2305544.0,2.13,3351254.0,3.1,-4072684.0,-3.77,-1584114.0,-1.47,-2763.0,0.923,0.924,111029000.0,102590796,102590796,2026-07-21,2026-07-21 16:11:55+08:00
159511,通信ETF南方,2.48,2.4905,0.42,0.142,6.07,204092.0,47953768.2,2.346,2.48,2.235,2.338,10.48,13.57,1.76,95.47,101205.0,102887.0,5152424.0,10.74,4701541.0,9.8,450883.0,0.94,-4376987.0,-9.13,-775437.0,-1.62,-558.0,2.48,2.481,150444573.0,373102541,373102541,2026-07-21,2026-07-21 15:34:45+08:00
159198,港股通信息技术ETF富国,1.261,1.2599,-0.09,0.072,6.06,3721745.0,457169083.5,1.203,1.268,1.189,1.189,6.64,367.24,1.35,-66.85,1908292.0,1813453.0,13194223.0,2.89,7028438.0,1.54,6165785.0,1.35,-19303588.0,-4.22,6109364.0,1.34,5883.0,1.26,1.261,101344347.0,127795222,127795222,2026-07-21,2026-07-21 15:34:33+08:00
159505,国证2000ETF博时,1.511,1.5146,0.24,0.086,6.04,69375.0,9971236.5,1.432,1.511,1.358,1.425,10.74,32.87,1.58,56.43,39418.0,29957.0,983082.0,9.86,0.0,0.0,983082.0,9.86,-935247.0,-9.38,-47835.0,-0.48,-46.0,1.511,1.517,21104786.0,31889332,31889332,2026-07-21,2026-07-21 15:34:36+08:00
513240,港股通信息技术ETF华安,1.041,1.0424,0.13,0.059,6.01,2925572.0,296583580.0,0.995,1.049,0.983,0.982,6.72,288.25,1.13,-28.17,1533953.0,1391619.0,8404378.0,2.83,2976120.0,1.0,5428258.0,1.83,-5899842.0,-1.99,-2504536.0,-0.84,-4923.0,1.04,1.041,101496000.0,105657336,105657336,2026-07-21,2026-07-21 16:11:56+08:00
517400,黄金股ETF国泰,1.379,1.3802,0.09,0.078,6.0,327873.0,44112608.0,1.32,1.38,1.313,1.301,5.15,3.57,1.16,5.83,208789.0,119084.0,4735208.0,10.73,1128269.0,2.56,3606939.0,8.18,1258483.0,2.85,-5993691.0,-13.59,-2870.0,1.379,1.38,917792000.0,1265635168,1265635168,2026-07-21,2026-07-21 16:11:51+08:00
159196,港股通信息技术ETF易方达,1.254,1.2534,-0.05,0.071,6.0,6676272.0,815144106.0,1.202,1.261,1.183,1.183,6.59,326.42,1.46,8.12,3463337.0,3212935.0,13854174.0,1.7,8609470.0,1.06,5244704.0,0.64,-13377061.0,-1.64,-477124.0,-0.06,-14227.0,1.254,1.255,204530324.0,256481026,256481026,2026-07-21,2026-07-21 15:34:00+08:00
159778,工业互联网ETF鹏华,1.255,1.2533,-0.14,0.071,6.0,53672.0,6480931.9,1.19,1.266,1.154,1.184,9.46,13.33,2.04,88.7,34547.0,19125.0,-792911.0,-12.23,-604065.0,-9.32,-188846.0,-2.91,-425521.0,-6.57,1218431.0,18.8,-5.0,1.255,1.266,40255382.0,50520504,50520504,2026-07-21,2026-07-21 15:34:33+08:00
526030,港股通信息技术ETF汇添富,0.885,0.8891,0.46,0.05,5.99,1277282.0,110572384.0,0.849,0.891,0.837,0.835,6.47,71.17,1.53,-47.4,673940.0,603342.0,5874550.0,5.31,-1123135.0,-1.02,6997685.0,6.33,-4200366.0,-3.8,-1674183.0,-1.51,-1843.0,0.885,0.886,179465000.0,158826525,158826525,2026-07-21,2026-07-21 16:11:54+08:00
159206,卫星ETF永赢,1.315,1.3193,0.33,0.074,5.96,8494275.0,1075529740.269,1.26,1.319,1.183,1.241,10.96,7.37,0.82,-75.96,4323196.0,4171079.0,211946570.0,19.71,180261690.0,16.76,31684880.0,2.95,-100905639.0,-9.38,-111040935.0,-10.32,-40600.0,1.315,1.316,11527953408.0,15159258732,15159258732,2026-07-21,2026-07-21 15:34:12+08:00
159315,黄金股ETF工银,1.426,1.4307,0.33,0.08,5.94,167602.0,23335573.0,1.358,1.428,1.358,1.346,5.2,8.57,1.35,-38.13,107720.0,59882.0,4347719.0,18.63,-550707.0,-2.36,4898426.0,20.99,-1906799.0,-8.17,-2440921.0,-10.46,-1411.0,1.426,1.427,195589621.0,278910800,278910800,2026-07-21,2026-07-21 15:34:57+08:00
520750,港股通信息ETF华富,0.909,0.9158,0.74,0.051,5.94,2201738.0,199124319.0,0.868,0.927,0.863,0.858,7.46,159.1,11.95,-68.26,1154565.0,1047173.0,-2555485.0,-1.28,-2859560.0,-1.44,304075.0,0.15,1153390.0,0.58,1402094.0,0.7,-6380.0,0.908,0.909,138384000.0,125791056,125791056,2026-07-21,2026-07-21 16:11:47+08:00
159321,黄金股ETF华安,1.34,1.3438,0.28,0.075,5.93,306565.0,40050140.2,1.28,1.342,1.276,1.265,5.22,7.86,1.2,20.04,178927.0,127638.0,3573693.0,8.92,1170334.0,2.92,2403359.0,6.0,1186413.0,2.96,-4760106.0,-11.89,1810.0,1.339,1.34,389900400.0,522466536,522466536,2026-07-21,2026-07-21 15:34:03+08:00
588520,科创增强ETF永赢,1.434,1.4381,0.29,0.08,5.91,7132.0,964254.0,1.341,1.445,1.3,1.354,10.71,7.96,0.66,7.32,5505.0,1627.0,-100389.0,-10.41,0.0,0.0,-100389.0,-10.41,86308.0,8.95,14081.0,1.46,-127.0,1.434,1.444,8957000.0,12844338,12844338,2026-07-21,2026-07-21 16:11:54+08:00
589230,科创人工智能ETF南方,0.936,0.9365,0.05,0.052,5.88,270018.0,24020860.0,0.884,0.938,0.85,0.884,9.95,11.69,0.61,24.48,128073.0,141945.0,577816.0,2.41,-1607231.0,-6.69,2185047.0,9.1,-103049.0,-0.43,-474767.0,-1.98,-1740.0,0.935,0.936,231053000.0,216265608,216265608,2026-07-21,2026-07-21 16:11:58+08:00
159185,港股通信息技术ETF鹏华,1.12,1.1203,0.03,0.062,5.86,4857690.0,529468356.41,1.074,1.128,1.057,1.058,6.71,224.79,1.29,-50.1,2474852.0,2382838.0,4445885.0,0.84,-9223699.0,-1.74,13669584.0,2.58,-2361991.0,-0.45,-2083890.0,-0.39,-9251.0,1.12,1.121,216099035.0,242030919,242030919,2026-07-21,2026-07-21 15:34:39+08:00
159106,民企300ETF前海开源,1.09,1.0886,-0.13,0.06,5.83,25000.0,2628235.0,1.06,1.091,1.026,1.03,6.31,6.65,1.7,81.06,7389.0,17611.0,658378.0,25.05,0.0,0.0,658378.0,25.05,-473880.0,-18.03,-184498.0,-7.02,-15.0,1.068,1.091,37579488.0,40961642,40961642,2026-07-21,2026-07-21 15:34:42+08:00
159618,光伏ETF华安,0.644,0.6448,0.12,0.035,5.75,35795.0,2261208.0,0.622,0.645,0.61,0.609,5.75,4.89,1.22,-62.37,18599.0,17196.0,519618.0,22.98,491065.0,21.72,28553.0,1.26,-224181.0,-9.91,-295438.0,-13.07,-7.0,0.644,0.645,73131407.0,47096626,47096626,2026-07-21,2026-07-21 15:34:39+08:00
159541,创业板综ETF万家,1.53,1.5333,0.22,0.083,5.74,135179.0,19504248.3,1.44,1.53,1.387,1.447,9.88,20.93,1.49,32.11,66304.0,68875.0,814436.0,4.18,1406000.0,7.21,-591564.0,-3.03,-286833.0,-1.47,-527603.0,-2.71,-10.0,1.53,1.532,64593326.0,98827789,98827789,2026-07-21,2026-07-21 15:34:57+08:00
560500,500质量成长ETF鹏扬,1.347,1.3444,-0.19,0.073,5.73,37002.0,4835902.0,1.285,1.35,1.274,1.274,5.97,1.25,1.3,17.05,22984.0,14018.0,388610.0,8.04,733128.0,15.16,-344518.0,-7.12,-167624.0,-3.47,-220986.0,-4.57,-366.0,1.344,1.347,296339008.0,399168644,399168644,2026-07-21,2026-07-21 16:11:37+08:00
159773,创业板科技ETF华泰柏瑞,1.33,1.3295,-0.04,0.072,5.72,130978.0,16680882.7,1.257,1.33,1.21,1.258,9.54,7.75,1.05,-42.33,57330.0,73648.0,2683264.0,16.09,3605836.0,21.62,-922572.0,-5.53,-1782239.0,-10.68,-901025.0,-5.4,-382.0,1.33,1.332,169103120.0,224907150,224907150,2026-07-21,2026-07-21 15:34:24+08:00
562800,稀有金属ETF嘉实,0.875,0.875,0.0,0.047,5.68,4918971.0,417461320.0,0.829,0.876,0.812,0.828,7.73,8.52,1.58,3.8,2248985.0,2669986.0,22466227.0,5.38,-59566588.0,-14.27,82032815.0,19.65,-9526641.0,-2.28,-12939586.0,-3.1,-14845.0,0.874,0.875,5771245056.0,5049839424,5049839424,2026-07-21,2026-07-21 16:11:38+08:00
159671,稀有金属ETF工银,1.231,1.2327,0.14,0.066,5.67,642219.0,75823565.722,1.165,1.232,1.143,1.165,7.64,6.97,1.15,-17.02,277469.0,364749.0,6376020.0,8.41,13531028.0,17.85,-7155008.0,-9.44,-4829874.0,-6.37,-1546146.0,-2.04,-997.0,1.231,1.232,921551744.0,1134430197,1134430197,2026-07-21,2026-07-21 15:34:24+08:00
159013,工业互联网ETF大成,1.046,1.0454,-0.06,0.056,5.66,83949.0,8423263.062,0.99,1.046,0.962,0.99,8.48,16.28,1.03,26.51,52338.0,31611.0,602744.0,7.16,586438.0,6.96,16306.0,0.19,-260609.0,-3.09,-342135.0,-4.06,30.0,1.045,1.046,51578881.0,53951510,53951510,2026-07-21,2026-07-21 15:34:21+08:00
510550,中证500ETF方正富邦,2.017,2.0098,-0.36,0.108,5.66,53783.0,10384599.0,1.928,2.017,1.876,1.909,7.39,20.89,3.58,-0.89,20832.0,32951.0,-75963.0,-0.73,-254220.0,-2.45,178257.0,1.72,208944.0,2.01,-132981.0,-1.28,-111.0,2.017,2.018,25743300.0,51924236,51924236,2026-07-21,2026-07-21 16:11:36+08:00
159620,中证500成长ETF华夏,1.271,1.2621,-0.71,0.068,5.65,41744.0,5120820.0,1.203,1.271,1.186,1.203,7.07,12.99,0.82,37.22,24730.0,17014.0,432447.0,8.44,0.0,0.0,432447.0,8.44,-492533.0,-9.62,60086.0,1.17,100.0,1.27,1.271,32140934.0,40851127,40851127,2026-07-21,2026-07-21 15:34:42+08:00
588830,科创新能源ETF鹏华,1.178,1.1772,-0.07,0.063,5.65,798054.0,90310475.0,1.117,1.178,1.079,1.115,8.88,12.41,0.91,-15.67,442886.0,355168.0,5960923.0,6.6,1547628.0,1.71,4413295.0,4.89,-1461021.0,-1.62,-4499903.0,-4.98,-2420.0,1.177,1.178,642847904.0,757274831,757274831,2026-07-21,2026-07-21 16:11:56+08:00
589960,科创新能源ETF易方达,0.826,0.8265,0.06,0.044,5.63,354635.0,27972739.0,0.782,0.828,0.757,0.782,9.08,19.56,0.98,1.71,194730.0,159905.0,1680320.0,6.01,5021095.0,17.95,-3340775.0,-11.94,-990535.0,-3.54,-689785.0,-2.47,-500.0,0.826,0.827,181316000.0,149767016,149767016,2026-07-21,2026-07-21 16:11:56+08:00
510510,中证500ETF广发,2.524,2.5145,-0.38,0.134,5.61,799080.0,193767204.0,2.39,2.525,2.352,2.39,7.24,8.13,0.96,50.19,472054.0,327026.0,12246436.0,6.32,-3183085.0,-1.64,15429521.0,7.96,-2422550.0,-1.25,-9823887.0,-5.07,-4625.0,2.523,2.524,983038304.0,2481188679,2481188679,2026-07-21,2026-07-21 16:11:56+08:00
515200,创新100ETF申万菱信,2.644,2.6796,1.33,0.14,5.59,10376.0,2664722.0,2.524,2.644,2.467,2.504,7.07,2.6,0.83,-58.7,8379.0,1997.0,-275872.0,-10.35,0.0,0.0,-275872.0,-10.35,177955.0,6.68,97917.0,3.67,105.0,2.644,2.645,39943200.0,105609821,105609821,2026-07-21,2026-07-21 16:11:41+08:00
159968,中证500ETF博时,10.188,10.2487,0.59,0.538,5.58,40440.0,39580847.9,9.676,10.188,9.52,9.65,6.92,6.35,1.86,-0.63,18477.0,21963.0,7354856.0,18.58,2717252.0,6.87,4637604.0,11.72,-6647235.0,-16.79,-707622.0,-1.79,1.0,10.186,10.188,63695098.0,648925658,648925658,2026-07-21,2026-07-21 15:34:00+08:00
516890,新材料ETF平安,0.776,0.7773,0.17,0.041,5.58,6123.0,455236.0,0.742,0.776,0.72,0.735,7.62,1.96,0.84,0.68,1705.0,4418.0,-36661.0,-8.05,-12277.0,-2.7,-24384.0,-5.36,40710.0,8.94,-4048.0,-0.89,-106.0,0.776,0.778,31311400.0,24297646,24297646,2026-07-21,2026-07-21 16:11:56+08:00
159291,创业板综增强ETF招商,1.155,1.1581,0.27,0.061,5.58,17055.0,1870500.7,1.104,1.159,1.047,1.094,10.24,8.77,1.15,67.43,7122.0,9933.0,287841.0,15.39,0.0,0.0,287841.0,15.39,-282617.0,-15.11,-5224.0,-0.28,-55.0,1.155,1.16,19457388.0,22473283,22473283,2026-07-21,2026-07-21 15:34:03+08:00
159563,创业板综ETF华夏,1.818,1.8181,0.01,0.096,5.57,22223.0,3931369.6,1.725,1.818,1.67,1.722,8.59,8.12,0.63,-34.72,11172.0,11051.0,-188448.0,-4.79,0.0,0.0,-188448.0,-4.79,391241.0,9.95,-202792.0,-5.16,-127.0,1.818,1.822,27360773.0,49741885,49741885,2026-07-21,2026-07-21 15:34:42+08:00
588960,科创新能源ETF富国,1.08,1.0782,-0.17,0.057,5.57,79185.0,8248723.0,1.013,1.08,0.99,1.023,8.8,5.4,0.86,-19.08,50610.0,28575.0,1714569.0,20.79,872318.0,10.58,842251.0,10.21,-588433.0,-7.13,-1126136.0,-13.65,-625.0,1.08,1.081,146579800.0,158306184,158306184,2026-07-21,2026-07-21 16:11:44+08:00
515750,科技50ETF富国,2.073,2.0697,-0.16,0.108,5.5,104669.0,21011498.0,1.98,2.099,1.95,1.965,7.58,3.79,1.14,-51.46,56741.0,47928.0,2801650.0,13.33,5251694.0,24.99,-2450044.0,-11.66,-1953096.0,-9.3,-848554.0,-4.04,-182.0,2.073,2.074,276140496.0,572439248,572439248,2026-07-21,2026-07-21 16:11:51+08:00
159305,储能电池ETF广发,0.81,0.807,-0.37,0.042,5.47,1154561.0,90738824.2,0.764,0.81,0.762,0.768,6.25,10.18,1.36,35.38,504736.0,649825.0,7035294.0,7.75,11576224.0,12.76,-4540930.0,-5.0,-4011577.0,-4.42,-3023716.0,-3.33,673.0,0.809,0.81,1134640304.0,919058646,919058646,2026-07-21,2026-07-21 15:34:06+08:00
159804,创中盘88ETF国寿,1.582,1.5843,0.15,0.082,5.47,4908.0,745257.0,1.512,1.582,1.481,1.5,6.73,2.05,2.77,19.52,3255.0,1653.0,289221.0,38.81,0.0,0.0,289221.0,38.81,-235554.0,-31.61,-53668.0,-7.2,437.0,1.582,1.588,23899676.0,37809287,37809287,2026-07-21,2026-07-21 15:34:42+08:00
159500,中证500ETF富国,1.164,1.1646,0.05,0.06,5.43,509745.0,57741375.66,1.106,1.165,1.087,1.104,7.07,20.18,1.11,66.83,213569.0,296176.0,5582260.0,9.67,4823940.0,8.35,758320.0,1.31,-3642323.0,-6.31,-1939938.0,-3.36,-953.0,1.164,1.165,252538865.0,293955239,293955239,2026-07-21,2026-07-21 15:34:48+08:00
159918,中创400ETF嘉实,2.41,2.4152,0.22,0.124,5.42,16336.0,3709056.9,2.291,2.412,2.222,2.286,8.31,5.18,0.93,-0.99,9513.0,6823.0,0.0,0.0,0.0,0.0,0.0,0.0,-235938.0,-6.36,235939.0,6.36,23.0,2.4,2.41,31561264.0,76062646,76062646,2026-07-21,2026-07-21 15:34:27+08:00
516380,智能电动车ETF华宝,0.899,0.8977,-0.14,0.046,5.39,16912.0,1486555.0,0.865,0.919,0.865,0.853,6.33,2.13,2.85,3.51,8446.0,8466.0,-392071.0,-26.37,-262850.0,-17.68,-129221.0,-8.69,179631.0,12.08,212440.0,14.29,-150.0,0.896,0.899,79449300.0,71424921,71424921,2026-07-21,2026-07-21 16:11:55+08:00
159053,稀有金属ETF华夏,0.842,0.841,-0.12,0.043,5.38,258747.0,21112587.592,0.801,0.842,0.782,0.799,7.51,16.25,1.29,82.51,109237.0,149510.0,3175613.0,15.04,2381894.0,11.28,793719.0,3.76,-1950255.0,-9.24,-1225358.0,-5.8,542.0,0.841,0.842,159198132.0,134044827,134044827,2026-07-21,2026-07-21 15:34:39+08:00
561050,稀有金属ETF易方达,0.803,0.8042,0.15,0.041,5.38,225282.0,17486155.0,0.766,0.804,0.749,0.762,7.22,9.3,1.19,15.8,131074.0,94208.0,1105771.0,6.32,1757321.0,10.05,-651550.0,-3.73,-707918.0,-4.05,-397854.0,-2.28,-1653.0,0.803,0.804,242250000.0,194526750,194526750,2026-07-21,2026-07-21 16:11:57+08:00
561800,稀有金属ETF华富,0.941,0.9425,0.16,0.048,5.38,242905.0,22085383.0,0.893,0.943,0.877,0.893,7.39,11.48,1.03,6.24,157265.0,85640.0,2117889.0,9.59,432980.0,1.96,1684909.0,7.63,-904517.0,-4.1,-1213372.0,-5.49,-1216.0,0.941,0.942,211577200.0,199094145,199094145,2026-07-21,2026-07-21 16:12:01+08:00
510530,中证500ETF工银,8.683,8.7175,0.4,0.443,5.38,17727.0,14731258.0,8.26,8.75,8.133,8.24,7.49,3.55,1.37,-65.23,8532.0,9195.0,-358214.0,-2.43,-137381.0,-0.93,-220833.0,-1.5,534544.0,3.63,-176330.0,-1.2,-233.0,8.683,8.695,49979400.0,433971130,433971130,2026-07-21,2026-07-21 16:11:59+08:00
517950,沪深港科技50ETF交银,1.238,1.2281,-0.81,0.063,5.36,77342.0,8997950.0,1.186,1.238,1.14,1.175,8.34,14.16,0.71,-21.88,36567.0,40775.0,3884.0,0.04,-1415598.0,-15.73,1419482.0,15.78,-44386.0,-0.49,40502.0,0.45,-3585.0,1.238,1.241,54623200.0,67623522,67623522,2026-07-21,2026-07-21 16:12:00+08:00
561550,中证500增强ETF华泰柏瑞,1.398,1.3955,-0.18,0.071,5.35,1057907.0,142594209.0,1.327,1.402,1.301,1.327,7.61,8.84,1.11,43.97,513379.0,544528.0,-8610422.0,-6.04,-18829087.0,-13.2,10218665.0,7.17,13809478.0,9.68,-5199056.0,-3.65,-740.0,1.398,1.399,1196989600.0,1673391461,1673391461,2026-07-21,2026-07-21 16:11:49+08:00
159290,创业板综指增强ETF东财,1.144,1.1505,0.56,0.058,5.34,149130.0,16466943.45,1.085,1.144,1.039,1.086,9.67,24.81,1.6,-43.5,113447.0,35683.0,-392240.0,-2.38,2069023.0,12.56,-2461263.0,-14.95,550086.0,3.34,-157848.0,-0.96,207.0,1.143,1.144,60100396.0,68754853,68754853,2026-07-21,2026-07-21 15:34:24+08:00
