代码,名称,最新价,IOPV实时估值,基金折价率,涨跌额,涨跌幅,成交量,成交额,开盘价,最高价,最低价,昨收,振幅,换手率,量比,委比,外盘,内盘,主力净流入-净额,主力净流入-净占比,超大单净流入-净额,超大单净流入-净占比,大单净流入-净额,大单净流入-净占比,中单净流入-净额,中单净流入-净占比,小单净流入-净额,小单净流入-净占比,现手,买一,卖一,最新份额,流通市值,总市值,数据日期,更新时间
589020,科创半导体设备ETF鹏华,2.999,2.9432,-1.9,0.105,3.63,2669994.0,784219780.0,2.801,3.025,2.798,2.894,7.84,27.63,0.78,-2.21,1400646.0,1269349.0,3418630.0,0.44,-2912789.0,-0.37,6331419.0,0.81,-4300770.0,-0.55,882140.0,0.11,-32135.0,2.999,3.0,966219008.0,2897690805,2897690805,2026-07-07,2026-07-07 16:11:52+08:00
588710,科创半导体设备ETF华泰柏瑞,3.815,3.7388,-2.04,0.131,3.56,3950309.0,1483074666.0,3.58,3.839,3.58,3.684,7.03,25.32,1.01,45.97,2113799.0,1836509.0,-13484176.0,-0.91,-173377776.0,-11.69,159893600.0,10.78,4101472.0,0.28,9382711.0,0.63,-32654.0,3.815,3.816,1560295008.0,5952525456,5952525456,2026-07-07,2026-07-07 16:11:55+08:00
159203,大盘成长ETF博时,1.48,1.42,-4.23,0.05,3.5,3179.0,457667.4,1.429,1.488,1.419,1.43,4.83,3.62,0.77,55.98,922.0,2257.0,-200801.0,-43.87,0.0,0.0,-200801.0,-43.87,-6263.0,-1.37,207064.0,45.24,-635.0,1.48,1.488,8791913.0,13012031,13012031,2026-07-07,2026-07-07 15:34:21+08:00
588170,科创半导体ETF华夏,1.232,1.2104,-1.78,0.04,3.36,40837631.0,4956742964.0,1.168,1.242,1.16,1.192,6.88,19.65,1.76,43.21,21687479.0,19150152.0,-183045312.0,-3.69,-344868272.0,-6.96,161822960.0,3.26,141281168.0,2.85,41764144.0,0.84,-400827.0,1.232,1.233,20781446912.0,25602742596,25602742596,2026-07-07,2026-07-07 16:11:35+08:00
588550,科创综指增强ETF易方达,1.665,1.6302,-2.13,0.036,2.21,59908.0,9868095.0,1.596,1.67,1.596,1.629,4.54,10.84,1.24,-69.61,27647.0,32261.0,384993.0,3.9,-1247410.0,-12.64,1632403.0,16.54,-356422.0,-3.61,-28571.0,-0.29,-144.0,1.665,1.668,55290000.0,92057850,92057850,2026-07-07,2026-07-07 16:11:52+08:00
516010,游戏ETF国泰,1.113,1.1104,-0.23,0.022,2.02,1964379.0,221827393.0,1.087,1.155,1.086,1.091,6.32,8.67,1.83,55.61,1124447.0,839932.0,5594433.0,2.52,-2901362.0,-1.31,8495795.0,3.83,-1264061.0,-0.57,-4330372.0,-1.95,-10569.0,1.112,1.113,2265693008.0,2521716318,2521716318,2026-07-07,2026-07-07 16:11:34+08:00
159582,半导体ETF博时,4.666,4.6004,-1.43,0.09,1.97,309066.0,142855329.0,4.5,4.71,4.445,4.576,5.79,19.06,0.86,90.26,141569.0,167497.0,14185960.0,9.93,15576115.0,10.9,-1390155.0,-0.97,-13163307.0,-9.21,-1022653.0,-0.72,-1460.0,4.666,4.668,162121621.0,756459484,756459484,2026-07-07,2026-07-07 15:34:45+08:00
159516,半导体设备ETF国泰,1.747,1.7447,-0.13,0.033,1.93,32099612.0,5555582954.002,1.672,1.776,1.672,1.714,6.07,13.01,0.71,63.58,16934598.0,15165015.0,88059488.0,1.59,174743088.0,3.15,-86683600.0,-1.56,-49610576.0,-0.89,-38448896.0,-0.69,-268335.0,1.747,1.748,24671180032.0,43100551516,43100551516,2026-07-07,2026-07-07 15:34:09+08:00
159869,游戏ETF华夏,1.122,1.1181,-0.35,0.021,1.91,10477508.0,1190665061.625,1.1,1.164,1.09,1.101,6.72,13.22,1.6,81.85,5777504.0,4700004.0,34288944.0,2.88,82364912.0,6.92,-48075968.0,-4.04,-9777817.0,-0.82,-24511135.0,-2.06,-27829.0,1.122,1.123,7923082240.0,8889698273,8889698273,2026-07-07,2026-07-07 15:34:57+08:00
159558,半导体设备ETF易方达,4.148,4.101,-1.15,0.077,1.89,4238782.0,1743991514.64,3.99,4.225,3.975,4.071,6.14,10.08,0.64,70.68,2070587.0,2168195.0,15747660.0,0.9,116086972.0,6.66,-100339312.0,-5.75,-163808.0,-0.01,-15583856.0,-0.89,-21564.0,4.148,4.149,4206854640.0,17450033047,17450033047,2026-07-07,2026-07-07 15:34:30+08:00
159019,石油ETF华宝,0.893,0.86,-3.84,0.016,1.82,271280.0,23358374.5,0.881,0.893,0.854,0.877,4.45,50.87,1.36,-97.31,96371.0,174909.0,-1492440.0,-6.39,-1007348.0,-4.31,-485092.0,-2.08,-2421411.0,-10.37,3913853.0,16.76,152.0,0.877,0.893,53327711.0,47621646,47621646,2026-07-07,2026-07-07 15:34:00+08:00
560780,半导体设备ETF广发,1.304,1.2869,-1.33,0.023,1.8,7149487.0,922608225.0,1.25,1.325,1.25,1.281,5.85,7.55,0.62,-3.02,3582938.0,3566549.0,74793872.0,8.11,66434576.0,7.2,8359296.0,0.91,-40800109.0,-4.42,-33993755.0,-3.68,-33776.0,1.304,1.305,9466488064.0,12344300435,12344300435,2026-07-07,2026-07-07 16:11:36+08:00
562590,半导体设备ETF华夏,1.248,1.2302,-1.45,0.022,1.79,5397519.0,665252620.0,1.199,1.264,1.18,1.226,6.85,7.77,1.63,17.8,2833814.0,2563705.0,-4380421.0,-0.66,2297499.0,0.35,-6677920.0,-1.0,445739.0,0.07,3934681.0,0.59,-33004.0,1.248,1.249,6946989056.0,8669842342,8669842342,2026-07-07,2026-07-07 16:11:56+08:00
516770,游戏ETF华泰柏瑞,1.172,1.1717,-0.03,0.019,1.65,740229.0,88298897.0,1.152,1.217,1.148,1.153,5.98,21.45,2.22,19.47,388940.0,351289.0,1680825.0,1.9,-771824.0,-0.87,2452649.0,2.78,-1709754.0,-1.94,28929.0,0.03,-2813.0,1.172,1.174,345048000.0,404396256,404396256,2026-07-07,2026-07-07 16:11:42+08:00
159327,半导体设备ETF万家,4.2,4.1635,-0.88,0.068,1.65,701820.0,292446330.4,4.05,4.279,4.021,4.132,6.24,12.54,0.66,-27.82,282932.0,418888.0,15975261.0,5.46,37250986.0,12.74,-21275725.0,-7.28,-10813757.0,-3.7,-5161505.0,-1.76,4319.0,4.199,4.2,559524704.0,2350003757,2350003757,2026-07-07,2026-07-07 15:34:24+08:00
513350,标普油气ETF富国,1.111,1.0958,-1.39,0.015,1.37,8290769.0,923377029.0,1.094,1.135,1.091,1.096,4.01,103.15,4.68,-42.49,4265315.0,4025454.0,-3820630.0,-0.41,8362234.0,0.91,-12182864.0,-1.32,5831635.0,0.63,-2010996.0,-0.22,-44692.0,1.11,1.111,803746000.0,892961806,892961806,2026-07-07,2026-07-07 16:11:33+08:00
561980,半导体设备ETF招商,0.834,0.8353,0.16,0.011,1.34,6586321.0,548362951.0,0.807,0.853,0.803,0.823,6.08,7.73,0.69,-19.28,3429607.0,3156714.0,5857964.0,1.07,63390249.0,11.56,-57532285.0,-10.49,-6577271.0,-1.2,719307.0,0.13,-52130.0,0.833,0.834,8520549888.0,7106138607,7106138607,2026-07-07,2026-07-07 16:11:35+08:00
159985,豆粕ETF华夏,2.151,2.0375,-5.57,0.026,1.22,3396933.0,726825998.395,2.144,2.168,2.109,2.125,2.78,22.44,2.22,-18.91,1697592.0,1699340.0,29692129.0,4.09,10851677.0,1.49,18840452.0,2.59,-4311040.0,-0.59,-25381086.0,-3.49,-33177.0,2.151,2.152,1513924064.0,3256450662,3256450662,2026-07-07,2026-07-07 15:34:45+08:00
159981,能源化工ETF建信,1.41,1.4145,0.32,0.017,1.22,1920416.0,270441386.2,1.398,1.419,1.398,1.393,1.51,11.09,0.96,40.41,1066202.0,854214.0,-9224405.0,-3.41,-3830616.0,-1.42,-5393789.0,-1.99,2302153.0,0.85,6922252.0,2.56,-8548.0,1.41,1.411,1731536960.0,2441467114,2441467114,2026-07-07,2026-07-07 15:34:45+08:00
513030,德国ETF华安,1.854,1.8334,-1.12,0.022,1.2,568740.0,104626934.0,1.829,1.856,1.828,1.832,1.53,5.65,1.24,-49.3,342274.0,226466.0,-2553004.0,-2.44,-7112552.0,-6.8,4559548.0,4.36,4753786.0,4.54,-2200782.0,-2.1,-4301.0,1.852,1.854,1007279008.0,1867495281,1867495281,2026-07-07,2026-07-07 16:11:45+08:00
513050,中概互联网ETF易方达,1.038,1.0357,-0.22,0.012,1.17,35114543.0,3690824268.0,1.031,1.072,1.03,1.026,4.09,10.46,1.79,2.35,18062317.0,17052226.0,20807104.0,0.56,11433360.0,0.31,9373744.0,0.25,-9739712.0,-0.26,-11067411.0,-0.3,-70618.0,1.037,1.038,33556432640.0,34831577080,34831577080,2026-07-07,2026-07-07 16:11:42+08:00
588040,科创50ETF鹏华,2.046,2.0374,-0.42,0.02,0.99,129198.0,26435983.0,1.994,2.072,1.966,2.026,5.23,15.04,0.8,-65.13,68000.0,61198.0,3370368.0,12.75,2248132.0,8.5,1122236.0,4.25,-2938065.0,-11.11,-432304.0,-1.64,-2181.0,2.045,2.046,85889000.0,175728894,175728894,2026-07-07,2026-07-07 16:11:45+08:00
159653,ESG300ETF国联安,1.237,1.2138,-1.91,0.012,0.98,654.0,79967.4,1.221,1.237,1.214,1.225,1.88,0.12,1.74,75.31,259.0,395.0,70558.0,88.23,0.0,0.0,70558.0,88.23,-25779.0,-32.24,-44778.0,-56.0,26.0,1.225,1.237,55972068.0,69237448,69237448,2026-07-07,2026-07-07 15:34:30+08:00
159655,标普500ETF华夏,1.929,1.8634,-3.52,0.018,0.94,946530.0,182262540.44,1.914,1.937,1.909,1.911,1.47,4.45,1.6,9.54,510447.0,436083.0,22753011.0,12.48,-1998398.0,-1.1,24751409.0,13.58,-7868435.0,-4.32,-14884576.0,-8.17,-3085.0,1.929,1.93,2127143040.0,4103258924,4103258924,2026-07-07,2026-07-07 15:34:33+08:00
588100,科创信息ETF嘉实,3.189,3.172,-0.54,0.026,0.82,75119.0,23957334.0,3.163,3.249,3.1,3.163,4.71,13.24,0.79,-8.93,35561.0,39558.0,-257736.0,-1.08,728471.0,3.04,-986207.0,-4.12,-676438.0,-2.82,934175.0,3.9,-696.0,3.189,3.191,56748700.0,180971604,180971604,2026-07-07,2026-07-07 16:11:57+08:00
513550,港股通50ETF华泰柏瑞,1.05,1.0509,0.09,0.008,0.77,483961.0,50977008.0,1.044,1.061,1.044,1.042,1.63,3.03,1.04,-10.21,265731.0,218230.0,1516383.0,2.97,666815.0,1.31,849568.0,1.67,-1173865.0,-2.3,-342519.0,-0.67,-2098.0,1.048,1.05,1596992000.0,1676841600,1676841600,2026-07-07,2026-07-07 16:11:55+08:00
588920,科创芯片ETF鹏华,2.813,2.8088,-0.15,0.021,0.75,178183.0,50190123.0,2.735,2.866,2.729,2.792,4.91,12.64,0.79,-54.51,82100.0,96083.0,-2144698.0,-4.27,-2169162.0,-4.32,24464.0,0.05,1741289.0,3.47,403409.0,0.8,-886.0,2.813,2.814,140938000.0,396458594,396458594,2026-07-07,2026-07-07 16:11:56+08:00
517800,人工智能50ETF方正富邦,1.098,1.0998,0.16,0.008,0.73,55255.0,6123558.0,1.088,1.122,1.081,1.09,3.76,2.45,0.42,-14.1,29419.0,25836.0,-332318.0,-5.43,0.0,0.0,-332318.0,-5.43,185741.0,3.03,146576.0,2.39,-691.0,1.097,1.098,225539700.0,247642591,247642591,2026-07-07,2026-07-07 16:11:54+08:00
588090,科创50ETF华泰柏瑞,2.071,2.0514,-0.96,0.015,0.73,593210.0,122871099.0,2.016,2.102,2.016,2.056,4.18,3.19,0.25,7.8,346891.0,246319.0,4528541.0,3.69,7325681.0,5.96,-2797140.0,-2.28,-2659904.0,-2.16,-1868637.0,-1.52,-3458.0,2.07,2.071,1860072800.0,3852210769,3852210769,2026-07-07,2026-07-07 16:11:33+08:00
588750,科创芯片ETF汇添富,2.951,2.9239,-0.93,0.021,0.72,2773341.0,824326925.0,2.879,3.004,2.843,2.93,5.49,9.67,0.93,50.94,2008416.0,764925.0,-19531981.0,-2.37,23613184.0,2.86,-43145165.0,-5.23,12538668.0,1.52,6993313.0,0.85,-6297.0,2.95,2.951,2869228000.0,8467091828,8467091828,2026-07-07,2026-07-07 16:11:49+08:00
159792,港股通互联网ETF富国,0.561,0.5612,0.04,0.004,0.72,72325728.0,4096284939.238,0.556,0.581,0.556,0.557,4.49,12.21,1.91,13.73,36059256.0,36266472.0,-395704912.0,-9.66,-314533424.0,-7.68,-81171488.0,-1.98,404488219.0,9.87,-8783297.0,-0.21,-152923.0,0.561,0.562,59257855232.0,33243656785,33243656785,2026-07-07,2026-07-07 15:34:30+08:00
513650,标普500ETF南方,1.907,1.8482,-3.18,0.013,0.69,1761742.0,335139634.0,1.901,1.909,1.892,1.894,0.9,4.18,1.08,-50.51,967828.0,793914.0,20020476.0,5.97,-33218077.0,-9.91,53238553.0,15.89,-13930020.0,-4.16,-6090455.0,-1.82,-5729.0,1.907,1.908,4211734000.0,8031776738,8031776738,2026-07-07,2026-07-07 16:11:44+08:00
513500,标普500ETF博时,2.528,2.426,-4.2,0.017,0.68,1530330.0,385423570.0,2.52,2.529,2.511,2.511,0.72,1.53,0.97,3.56,881438.0,648892.0,4492285.0,1.17,27506567.0,7.14,-23014282.0,-5.97,-16515147.0,-4.28,12022864.0,3.12,-8627.0,2.527,2.528,9991638528.0,25258862199,25258862199,2026-07-07,2026-07-07 16:11:48+08:00
588200,科创芯片ETF嘉实,4.432,4.3932,-0.88,0.03,0.68,14767862.0,6537022445.0,4.323,4.506,4.29,4.402,4.91,11.17,0.99,81.21,7777276.0,6990586.0,24845680.0,0.38,4648192.0,0.07,20197488.0,0.31,-56628000.0,-0.87,31782304.0,0.49,-66169.0,4.432,4.433,13224894720.0,58612733399,58612733399,2026-07-07,2026-07-07 16:11:59+08:00
513080,法国ETF华安,1.789,1.769,-1.13,0.012,0.68,407860.0,72491224.0,1.771,1.79,1.764,1.777,1.46,6.4,1.43,-3.77,254167.0,153693.0,-11304798.0,-15.59,-3469878.0,-4.79,-7834920.0,-10.81,4071549.0,5.62,7233248.0,9.98,-3779.0,1.788,1.789,636916000.0,1139442724,1139442724,2026-07-07,2026-07-07 16:11:53+08:00
588010,科创新材料ETF博时,1.347,1.3433,-0.28,0.009,0.67,1811060.0,242677835.0,1.307,1.366,1.307,1.338,4.41,16.84,0.59,-15.16,953681.0,857379.0,21756167.0,8.97,17293771.0,7.13,4462396.0,1.84,932976.0,0.38,-22689142.0,-9.35,-6473.0,1.347,1.348,1075425808.0,1448598563,1448598563,2026-07-07,2026-07-07 16:11:53+08:00
588290,科创芯片ETF华安,4.326,4.2945,-0.73,0.028,0.65,758508.0,327213817.0,4.235,4.404,4.188,4.298,5.03,5.83,0.73,8.63,423609.0,334899.0,933572.0,0.29,6075567.0,1.86,-5141995.0,-1.57,-9589223.0,-2.93,8655651.0,2.65,-3478.0,4.325,4.326,1301397008.0,5629843457,5629843457,2026-07-07,2026-07-07 16:11:34+08:00
159179,港股通互联网ETF工银,0.806,0.8035,-0.31,0.005,0.62,482668.0,39455341.7,0.802,0.834,0.8,0.801,4.24,42.01,1.08,24.89,234471.0,248197.0,59120.0,0.15,-770280.0,-1.95,829400.0,2.1,-113110.0,-0.29,53990.0,0.14,1606.0,0.804,0.806,114903568.0,92612276,92612276,2026-07-07,2026-07-07 15:34:06+08:00
588890,科创芯片ETF南方,4.979,4.9486,-0.61,0.03,0.61,309911.0,154462663.0,4.957,5.066,4.8,4.949,5.37,3.43,0.84,-9.5,162145.0,147766.0,-5985976.0,-3.88,1027451.0,0.67,-7013427.0,-4.54,1709936.0,1.11,4276041.0,2.77,-1429.0,4.979,4.98,903810000.0,4500069990,4500069990,2026-07-07,2026-07-07 16:11:48+08:00
513770,港股互联网ETF华宝,0.344,0.3438,-0.06,0.002,0.58,29648260.0,1027954374.0,0.342,0.356,0.341,0.342,4.39,21.82,1.88,8.16,16488584.0,13159676.0,7099947.0,0.69,16058560.0,1.56,-8958613.0,-0.87,-6239896.0,-0.61,-860042.0,-0.08,-21338.0,0.344,0.345,13585137920.0,4673287444,4673287444,2026-07-07,2026-07-07 16:11:50+08:00
513850,美国50ETF易方达,1.772,1.7189,-3.09,0.01,0.57,540656.0,95235594.0,1.763,1.772,1.749,1.762,1.31,4.49,1.05,-63.0,318362.0,222294.0,-13282372.0,-13.95,1730903.0,1.82,-15013275.0,-15.76,14141729.0,14.85,-859357.0,-0.9,-2722.0,1.771,1.772,1203892608.0,2133297701,2133297701,2026-07-07,2026-07-07 16:11:39+08:00
588990,科创芯片ETF博时,4.597,4.5723,-0.54,0.025,0.55,112977.0,51963768.0,4.45,4.686,4.448,4.572,5.21,5.66,0.58,-6.98,63987.0,48990.0,592857.0,1.14,2351943.0,4.53,-1759086.0,-3.39,-1484714.0,-2.86,891858.0,1.72,-711.0,4.597,4.608,199745400.0,918229604,918229604,2026-07-07,2026-07-07 16:12:00+08:00
159568,港股互联网ETF博时,1.101,1.0982,-0.25,0.006,0.55,1446987.0,161471794.1,1.096,1.14,1.093,1.095,4.29,43.73,1.81,62.8,707739.0,739248.0,1463994.0,0.91,-1194555.0,-0.74,2658549.0,1.65,-1186861.0,-0.74,-277133.0,-0.17,7327.0,1.1,1.101,330857904.0,364274552,364274552,2026-07-07,2026-07-07 15:34:42+08:00
515880,通信ETF国泰,0.761,0.76,-0.13,0.004,0.53,70181991.0,5331025385.0,0.75,0.773,0.742,0.757,4.1,10.43,1.46,48.9,39516690.0,30665302.0,-252018928.0,-4.73,-131920400.0,-2.47,-120098528.0,-2.25,121898976.0,2.29,130119952.0,2.44,-516668.0,0.76,0.761,67271773952.0,51193819977,51193819977,2026-07-07,2026-07-07 16:11:38+08:00
520650,港股通互联网ETF南方,0.584,0.5829,-0.19,0.003,0.52,4045813.0,240185435.0,0.581,0.604,0.581,0.581,3.96,21.44,1.9,7.7,1602355.0,2443458.0,-3494877.0,-1.46,9059576.0,3.77,-12554453.0,-5.23,2714569.0,1.13,780306.0,0.32,-403.0,0.583,0.584,1886755008.0,1101864925,1101864925,2026-07-07,2026-07-07 16:11:51+08:00
159712,港股通50ETF国泰,1.159,1.1566,-0.21,0.006,0.52,173131.0,20090006.9,1.15,1.17,1.15,1.153,1.73,17.53,0.71,-15.5,76821.0,96310.0,288612.0,1.44,107487.0,0.54,181125.0,0.9,-197402.0,-0.98,-91211.0,-0.45,157.0,1.151,1.159,98778813.0,114484644,114484644,2026-07-07,2026-07-07 15:34:48+08:00
520580,新兴亚洲ETF招商,0.961,0.9593,-0.18,0.005,0.52,29977.0,2873600.0,0.956,0.961,0.956,0.956,0.52,1.03,0.51,-24.14,20058.0,9919.0,-82655.0,-2.88,272072.0,9.47,-354727.0,-12.34,136770.0,4.76,-54115.0,-1.88,-175.0,0.961,0.962,291983904.0,280596532,280596532,2026-07-07,2026-07-07 16:11:43+08:00
159138,工程机械ETF易方达,0.964,0.958,-0.63,0.005,0.52,210239.0,20343318.7,0.96,0.997,0.955,0.959,4.38,5.81,1.55,-0.44,122688.0,87551.0,3318703.0,16.31,1336374.0,6.57,1982329.0,9.74,-260935.0,-1.28,-3057768.0,-15.03,-11.0,0.964,0.965,361767920.0,348744275,348744275,2026-07-07,2026-07-07 15:34:51+08:00
589190,科创芯片ETF华宝,1.591,1.5921,0.07,0.008,0.51,580160.0,92465283.0,1.545,1.626,1.545,1.583,5.12,4.05,0.62,55.79,286990.0,293170.0,4349380.0,4.7,-591731.0,-0.64,4941111.0,5.34,-6341429.0,-6.86,1992049.0,2.15,-1643.0,1.59,1.591,1431781008.0,2277963584,2277963584,2026-07-07,2026-07-07 16:11:53+08:00
517350,沪港深科技ETF广发,0.982,0.9841,0.21,0.005,0.51,9951.0,981409.0,0.975,0.994,0.971,0.977,2.35,1.97,0.37,-8.96,6482.0,3469.0,-8298.0,-0.85,0.0,0.0,-8298.0,-0.85,-69080.0,-7.04,77377.0,7.88,-192.0,0.982,0.984,50542000.0,49632244,49632244,2026-07-07,2026-07-07 16:11:44+08:00
588810,科创芯片ETF富国,3.128,3.1151,-0.41,0.016,0.51,439284.0,137042958.0,3.054,3.179,3.014,3.112,5.3,7.95,0.84,-29.16,216202.0,223082.0,-3200476.0,-2.34,-1013949.0,-0.74,-2186527.0,-1.6,-1687000.0,-1.23,4887476.0,3.57,-2058.0,3.127,3.128,552324000.0,1727669472,1727669472,2026-07-07,2026-07-07 16:11:41+08:00
588000,科创50ETF华夏,2.126,2.1078,-0.86,0.01,0.47,33207940.0,7077642454.0,2.08,2.162,2.073,2.116,4.21,10.65,0.87,35.18,16447439.0,16760501.0,217384368.0,3.07,232445072.0,3.28,-15060704.0,-0.21,-169402064.0,-2.39,-47982304.0,-0.68,-97773.0,2.126,2.127,31190668288.0,66311360780,66311360780,2026-07-07,2026-07-07 16:11:47+08:00
589060,科创综指ETF东财,1.95,1.9394,-0.55,0.009,0.46,18082.0,3512436.0,1.9,1.973,1.9,1.941,3.76,2.91,0.61,0.21,9748.0,8334.0,429429.0,12.23,0.0,0.0,429429.0,12.23,-108874.0,-3.1,-320556.0,-9.13,-11.0,1.933,1.95,62137900.0,121168905,121168905,2026-07-07,2026-07-07 16:11:39+08:00
159010,港股通科技ETF博时,0.883,0.8853,0.26,0.004,0.46,219827.0,19735075.256,0.904,0.911,0.879,0.879,3.64,8.72,2.57,33.88,124938.0,94889.0,627743.0,3.18,-496174.0,-2.51,1123917.0,5.7,-704939.0,-3.57,77194.0,0.39,-1.0,0.883,0.884,252097611.0,222602191,222602191,2026-07-07,2026-07-07 15:34:00+08:00
513220,中概互联ETF招商,0.917,0.9221,0.55,0.004,0.44,589864.0,54718902.0,0.915,0.942,0.913,0.913,3.18,10.51,1.4,47.21,262896.0,326968.0,2329151.0,4.26,598215.0,1.09,1730936.0,3.16,-1337815.0,-2.44,-991336.0,-1.81,-2082.0,0.917,0.918,561109408.0,514537327,514537327,2026-07-07,2026-07-07 16:11:45+08:00
513900,港股通100ETF华安,0.933,0.9366,0.38,0.004,0.43,197785.0,18560368.0,0.931,0.947,0.93,0.929,1.83,16.49,0.8,7.84,101613.0,96172.0,1008576.0,5.43,23192.0,0.12,985384.0,5.31,-917533.0,-4.94,-91042.0,-0.49,-32.0,0.933,0.934,119978000.0,111939474,111939474,2026-07-07,2026-07-07 16:11:38+08:00
159120,港股通科技ETF国联安,0.723,0.7247,0.23,0.003,0.42,445956.0,32641654.4,0.723,0.747,0.721,0.72,3.61,27.36,1.41,40.96,221153.0,224803.0,1054659.0,3.23,-1363191.0,-4.18,2417850.0,7.41,-983767.0,-3.01,-70892.0,-0.22,469.0,0.722,0.723,163024466.0,117866689,117866689,2026-07-07,2026-07-07 15:34:45+08:00
588280,科创50ETF华安,1.445,1.4369,-0.56,0.006,0.42,234132.0,33962635.0,1.419,1.474,1.408,1.439,4.59,8.6,0.82,14.63,106125.0,128007.0,1339092.0,3.94,-772018.0,-2.27,2111110.0,6.22,-655856.0,-1.93,-683237.0,-2.01,-3253.0,1.444,1.445,272121008.0,393214857,393214857,2026-07-07,2026-07-07 16:11:51+08:00
589180,科创新材料ETF汇添富,2.208,2.2069,-0.05,0.009,0.41,256258.0,56510447.0,2.151,2.241,2.151,2.199,4.09,20.21,0.61,51.84,122765.0,133493.0,-1529325.0,-2.71,5372589.0,9.51,-6901914.0,-12.21,2282224.0,4.04,-752899.0,-1.33,-1030.0,2.208,2.209,126818000.0,280014144,280014144,2026-07-07,2026-07-07 16:11:44+08:00
159612,标普500ETF国泰,1.979,1.9038,-3.95,0.008,0.41,145797.0,28862905.795,1.974,1.986,1.969,1.971,0.86,3.28,1.2,47.86,81880.0,63917.0,-1784829.0,-6.18,-888132.0,-3.08,-896697.0,-3.11,1730057.0,5.99,54772.0,0.19,-252.0,1.979,1.98,444898656.0,880454440,880454440,2026-07-07,2026-07-07 15:34:06+08:00
589130,科创芯片ETF易方达,1.749,1.7362,-0.74,0.007,0.4,1135052.0,198744301.0,1.727,1.78,1.693,1.742,4.99,3.91,0.71,13.3,586999.0,548053.0,-7489541.0,-3.77,-21871612.0,-11.0,14382071.0,7.24,3000121.0,1.51,4489421.0,2.26,-4357.0,1.749,1.75,2900780000.0,5073464220,5073464220,2026-07-07,2026-07-07 16:11:34+08:00
588180,科创50ETF国联安,1.302,1.294,-0.62,0.005,0.39,259970.0,33919173.0,1.283,1.326,1.277,1.297,3.78,3.62,0.53,6.62,145688.0,114282.0,8458478.0,24.94,12419586.0,36.62,-3961108.0,-11.68,1467644.0,4.33,-9926122.0,-29.26,-137.0,1.301,1.302,717353696.0,933994512,933994512,2026-07-07,2026-07-07 16:11:41+08:00
588080,科创50ETF易方达,2.062,2.0442,-0.87,0.008,0.39,8179697.0,1688825772.0,2.024,2.095,2.011,2.054,4.09,4.13,0.83,11.94,4268516.0,3911181.0,-8845616.0,-0.52,4722816.0,0.28,-13568432.0,-0.8,-13816752.0,-0.82,22662376.0,1.34,-38534.0,2.062,2.063,19807628032.0,40843329002,40843329002,2026-07-07,2026-07-07 16:11:40+08:00
159725,线上消费ETF工银,0.766,0.7629,-0.41,0.003,0.39,75144.0,5808187.8,0.762,0.785,0.756,0.763,3.8,5.9,1.19,45.02,38000.0,37144.0,466606.0,8.03,1031940.0,17.77,-565334.0,-9.73,-295467.0,-5.09,-171138.0,-2.95,13.0,0.763,0.766,127424924.0,97607492,97607492,2026-07-07,2026-07-07 15:34:51+08:00
589160,科创芯片ETF广发,1.592,1.5844,-0.48,0.006,0.38,198852.0,31821041.0,1.57,1.625,1.552,1.586,4.6,10.23,0.75,39.92,106338.0,92514.0,-3601693.0,-11.32,-3097703.0,-9.73,-503990.0,-1.58,2557938.0,8.04,1043755.0,3.28,-1916.0,1.592,1.595,194296000.0,309319232,309319232,2026-07-07,2026-07-07 16:11:50+08:00
520790,港股通互联网ETF兴业,0.798,0.7983,0.04,0.003,0.38,815503.0,66715668.0,0.801,0.87,0.795,0.795,9.43,21.18,9.39,-1.22,362636.0,452867.0,-4434962.0,-6.65,-3606164.0,-5.41,-828798.0,-1.24,2715865.0,4.07,1719097.0,2.58,-1450.0,0.797,0.798,385075008.0,307289856,307289856,2026-07-07,2026-07-07 16:11:33+08:00
159960,恒生中国企业ETF平安,0.79,0.7916,0.2,0.003,0.38,157722.0,12493225.5,0.792,0.8,0.787,0.787,1.65,9.19,1.63,-8.09,62064.0,95658.0,123817.0,0.99,0.0,0.0,123817.0,0.99,-160242.0,-1.28,36425.0,0.29,22.0,0.785,0.79,171573960.0,135543428,135543428,2026-07-07,2026-07-07 15:34:18+08:00
159561,德国ETF嘉实,1.342,1.3416,-0.03,0.005,0.37,603508.0,80809757.5,1.337,1.345,1.334,1.337,0.82,4.34,0.87,-36.59,347823.0,255685.0,8382535.0,10.37,2050090.0,2.54,6332445.0,7.84,-3029395.0,-3.75,-5353140.0,-6.62,7184.0,1.341,1.342,1389499488.0,1864708313,1864708313,2026-07-07,2026-07-07 15:34:45+08:00
159805,传媒ETF鹏华,1.131,1.1292,-0.16,0.004,0.35,288142.0,33098488.9,1.127,1.161,1.124,1.127,3.28,11.64,1.06,61.89,154586.0,133556.0,2227138.0,6.73,227282.0,0.69,1999856.0,6.04,-1538142.0,-4.65,-688994.0,-2.08,1121.0,1.13,1.131,247452480.0,279868755,279868755,2026-07-07,2026-07-07 15:34:27+08:00
589100,科创芯片ETF国泰,1.132,1.1262,-0.52,0.004,0.35,460114.0,52229448.0,1.126,1.155,1.1,1.128,4.88,5.18,0.6,1.46,257998.0,202116.0,-649657.0,-1.24,2502211.0,4.79,-3151868.0,-6.03,919635.0,1.76,-269978.0,-0.52,-3046.0,1.132,1.134,887442496.0,1004584905,1004584905,2026-07-07,2026-07-07 16:11:59+08:00
588050,科创50ETF工银,2.061,2.0407,-0.99,0.007,0.34,4063527.0,841872024.0,2.018,2.094,2.011,2.054,4.04,8.94,1.26,-9.79,3151060.0,912467.0,14948253.0,1.78,55671984.0,6.61,-40723731.0,-4.84,-14054656.0,-1.67,-893597.0,-0.11,-6685.0,2.061,2.062,4543241216.0,9363620146,9363620146,2026-07-07,2026-07-07 16:12:01+08:00
589090,科创AIETF鹏华,1.26,1.2527,-0.58,0.004,0.32,57490.0,7322179.0,1.25,1.293,1.242,1.256,4.06,3.66,0.57,57.37,31174.0,26316.0,-1018049.0,-13.9,778989.0,10.64,-1797038.0,-24.54,1415465.0,19.33,-397416.0,-5.43,-1030.0,1.26,1.262,156931000.0,197733060,197733060,2026-07-07,2026-07-07 16:11:40+08:00
513720,港股互联网ETF国泰,0.636,0.6368,0.13,0.002,0.32,289918.0,18730852.0,0.634,0.66,0.633,0.634,4.26,12.14,1.21,-11.49,150099.0,139819.0,303475.0,1.62,529809.0,2.83,-226334.0,-1.21,-307496.0,-1.64,4021.0,0.02,-1.0,0.635,0.637,238859000.0,151914324,151914324,2026-07-07,2026-07-07 16:11:57+08:00
588870,科创50ETF汇添富,2.042,2.0251,-0.83,0.006,0.29,374376.0,76501123.0,1.999,2.074,1.992,2.036,4.03,12.02,0.64,58.47,188170.0,186206.0,-5516034.0,-7.21,-4571487.0,-5.98,-944547.0,-1.23,4168943.0,5.45,1347091.0,1.76,-2933.0,2.042,2.043,311552000.0,636189184,636189184,2026-07-07,2026-07-07 16:12:02+08:00
159518,标普油气ETF嘉实,1.044,1.0449,0.09,0.003,0.29,3880581.0,405361392.2,1.04,1.049,1.035,1.041,1.34,22.15,2.4,-32.02,1967695.0,1912886.0,-749614.0,-0.18,-9489256.0,-2.34,8739642.0,2.16,-1840908.0,-0.45,2590522.0,0.64,-28639.0,1.044,1.045,1752325376.0,1829427693,1829427693,2026-07-07,2026-07-07 15:34:06+08:00
562380,央企科技ETF银华,1.452,1.4481,-0.27,0.004,0.28,97178.0,14012373.0,1.423,1.48,1.423,1.448,3.94,13.2,1.11,-6.93,29613.0,67565.0,-761594.0,-5.44,3247747.0,23.18,-4009341.0,-28.61,754641.0,5.39,6954.0,0.05,-249.0,1.449,1.452,73628900.0,106909163,106909163,2026-07-07,2026-07-07 16:11:43+08:00
520670,港股通科技ETF嘉实,0.748,0.7496,0.21,0.002,0.27,653766.0,49915998.0,0.747,0.776,0.747,0.746,3.89,28.13,3.29,9.67,343110.0,310656.0,567422.0,1.14,1256387.0,2.52,-688965.0,-1.38,-1052910.0,-2.11,485488.0,0.97,-70.0,0.748,0.749,232428100.0,173856219,173856219,2026-07-07,2026-07-07 16:12:00+08:00
159251,港股通科技ETF万家,0.737,0.7349,-0.29,0.002,0.27,214636.0,16026098.4,0.733,0.759,0.73,0.735,3.95,8.66,1.01,9.28,91586.0,123050.0,633754.0,3.95,816313.0,5.09,-182559.0,-1.14,-333757.0,-2.08,-299997.0,-1.87,700.0,0.732,0.737,247787744.0,182619567,182619567,2026-07-07,2026-07-07 15:34:00+08:00
563050,央企科技ETF易方达,1.515,1.5128,-0.15,0.004,0.26,141457.0,21426316.0,1.509,1.529,1.487,1.511,2.78,12.07,0.85,-32.17,51272.0,90185.0,286981.0,1.34,7991993.0,37.3,-7705012.0,-35.96,-68948.0,-0.32,-218034.0,-1.02,-14.0,1.515,1.517,117208400.0,177570726,177570726,2026-07-07,2026-07-07 16:11:43+08:00
159170,港股通互联网ETF永赢,0.801,0.8028,0.22,0.002,0.25,1978997.0,161847781.25,0.803,0.833,0.799,0.799,4.26,49.27,4.75,-8.97,922198.0,1056799.0,-1649738.0,-1.02,-74303.0,-0.05,-1575435.0,-0.97,1172320.0,0.72,477418.0,0.29,942.0,0.8,0.801,401638352.0,321712320,321712320,2026-07-07,2026-07-07 15:34:27+08:00
588670,科创综指增强ETF嘉实,2.084,2.0795,-0.22,0.005,0.24,14391.0,3005328.0,2.075,2.128,2.031,2.079,4.67,3.62,0.44,12.22,7917.0,6474.0,-57875.0,-1.93,0.0,0.0,-57875.0,-1.93,-4886.0,-0.16,62761.0,2.09,-137.0,2.083,2.084,39792000.0,82926528,82926528,2026-07-07,2026-07-07 16:11:35+08:00
520980,港股通科技ETF汇添富,0.847,0.8476,0.07,0.002,0.24,7915125.0,681112568.0,0.844,0.877,0.843,0.845,4.02,22.85,1.82,10.97,4229732.0,3685393.0,-14542649.0,-2.14,-21889264.0,-3.21,7346615.0,1.08,-5554549.0,-0.82,20097188.0,2.95,-7373.0,0.846,0.847,3464387008.0,2934335796,2934335796,2026-07-07,2026-07-07 16:11:56+08:00
561220,数字经济ETF工银,2.105,2.1012,-0.18,0.005,0.24,55971.0,11773836.0,2.08,2.142,2.069,2.1,3.48,15.11,1.11,-14.57,33107.0,22864.0,1119894.0,9.51,1058.0,0.01,1118836.0,9.5,-946383.0,-8.04,-173512.0,-1.47,5.0,2.105,2.106,37053000.0,77996565,77996565,2026-07-07,2026-07-07 16:11:51+08:00
520820,恒指港股通ETF汇添富,0.863,0.8654,0.28,0.002,0.23,9898.0,862343.0,0.866,0.874,0.862,0.861,1.39,1.48,0.48,0.2,3718.0,6180.0,15840.0,1.84,0.0,0.0,15840.0,1.84,0.0,0.0,-15839.0,-1.84,-19.0,0.863,0.866,66682000.0,57546566,57546566,2026-07-07,2026-07-07 16:11:55+08:00
159780,科创创业50ETF南方,1.31,1.3048,-0.4,0.003,0.23,1180221.0,154855026.036,1.296,1.331,1.29,1.307,3.14,3.73,0.72,4.89,470090.0,710130.0,20200144.0,13.04,27580413.0,17.81,-7380269.0,-4.77,-12792313.0,-8.26,-7407831.0,-4.78,3283.0,1.309,1.31,3168048576.0,4150143635,4150143635,2026-07-07,2026-07-07 15:34:33+08:00
159556,中证2000增强ETF平安,1.296,1.263,-2.61,0.003,0.23,11629.0,1482059.4,1.294,1.296,1.251,1.293,3.48,9.26,1.51,53.19,2995.0,8634.0,3830.0,0.26,0.0,0.0,3830.0,0.26,-53254.0,-3.59,49424.0,3.33,10.0,1.254,1.296,12556089.0,16272691,16272691,2026-07-07,2026-07-07 15:34:33+08:00
588160,科创新材料ETF南方,1.379,1.3768,-0.16,0.003,0.22,722297.0,99557058.0,1.338,1.401,1.338,1.376,4.58,12.45,0.59,-61.99,313784.0,408513.0,-1188484.0,-1.19,4826287.0,4.85,-6014771.0,-6.04,-242861.0,-0.24,1431344.0,1.44,-426.0,1.379,1.38,579996000.0,799814484,799814484,2026-07-07,2026-07-07 16:11:58+08:00
513040,港股通互联网ETF易方达,0.911,0.9105,-0.05,0.002,0.22,6839117.0,632403143.0,0.909,0.945,0.907,0.909,4.18,11.97,1.26,5.04,3354846.0,3484271.0,-1435657.0,-0.23,1571415.0,0.25,-3007072.0,-0.48,-2023924.0,-0.32,3459586.0,0.55,-18509.0,0.911,0.912,5713841408.0,5205309523,5205309523,2026-07-07,2026-07-07 16:11:42+08:00
588840,科创50ETF万家,1.854,1.8466,-0.4,0.004,0.22,57789.0,10753033.0,1.85,1.89,1.82,1.85,3.78,15.52,0.89,-27.29,34725.0,23064.0,-2570610.0,-23.91,2700657.0,25.12,-5271267.0,-49.02,1690648.0,15.72,879963.0,8.18,-1765.0,1.853,1.854,37236000.0,69035544,69035544,2026-07-07,2026-07-07 16:11:56+08:00
516190,传媒ETF华夏,0.97,0.9695,-0.05,0.002,0.21,219052.0,21563920.0,0.969,0.997,0.964,0.968,3.41,21.95,1.4,11.29,98284.0,120768.0,1737288.0,8.06,1434257.0,6.65,303031.0,1.41,-1452450.0,-6.74,-284839.0,-1.32,-1427.0,0.969,0.97,99818500.0,96823945,96823945,2026-07-07,2026-07-07 16:11:48+08:00
560170,央企科技ETF南方,1.42,1.4157,-0.3,0.003,0.21,566688.0,80082956.0,1.396,1.432,1.393,1.417,2.75,22.9,1.12,8.33,168305.0,398383.0,-168250.0,-0.21,-1097087.0,-1.37,928837.0,1.16,-19863.0,-0.02,188113.0,0.23,-153.0,1.419,1.42,247495500.0,351443610,351443610,2026-07-07,2026-07-07 16:11:48+08:00
588150,科创50ETF南方,1.419,1.4113,-0.55,0.003,0.21,262799.0,37550614.0,1.4,1.447,1.387,1.416,4.24,9.19,0.79,-18.43,132371.0,130428.0,520774.0,1.39,951073.0,2.53,-430299.0,-1.15,-1199241.0,-3.19,678467.0,1.81,-3438.0,1.418,1.419,285932608.0,405738371,405738371,2026-07-07,2026-07-07 16:11:36+08:00
159009,创业板新能源ETF易方达,1.0,0.983,-1.73,0.002,0.2,42442.0,4217555.4,0.998,1.009,0.979,0.998,3.01,8.26,1.12,9.77,13470.0,28972.0,-1063132.0,-25.21,788019.0,18.68,-1851151.0,-43.89,567914.0,13.47,495218.0,11.74,24.0,0.983,1.0,51392703.0,51392703,51392703,2026-07-07,2026-07-07 15:34:57+08:00
159070,工程机械ETF嘉实,0.993,0.9888,-0.42,0.002,0.2,143977.0,14396115.851,0.989,1.014,0.987,0.991,2.72,10.56,0.97,13.44,58384.0,85593.0,904399.0,6.28,5302557.0,36.83,-4398158.0,-30.55,-666095.0,-4.63,-238304.0,-1.66,100.0,0.988,0.993,136366883.0,135412315,135412315,2026-07-07,2026-07-07 15:34:21+08:00
159259,成长ETF易方达,1.613,1.5993,-0.86,0.003,0.19,2319734.0,372623550.552,1.592,1.631,1.567,1.61,3.98,7.13,0.53,-31.05,1003536.0,1316198.0,6821110.0,1.83,14200620.0,3.81,-7379510.0,-1.98,-7183850.0,-1.93,362740.0,0.1,4921.0,1.612,1.613,3253696400.0,5248212293,5248212293,2026-07-07,2026-07-07 15:34:00+08:00
159723,科技龙头ETF汇添富,1.136,1.1376,0.14,0.002,0.18,15356.0,1752482.3,1.118,1.152,1.118,1.134,3.0,4.38,0.9,-57.85,9641.0,5715.0,-186962.0,-10.67,0.0,0.0,-186962.0,-10.67,175327.0,10.0,11636.0,0.66,200.0,1.134,1.136,35025575.0,39789053,39789053,2026-07-07,2026-07-07 15:34:48+08:00
588060,科创50ETF广发,1.277,1.2678,-0.73,0.002,0.16,2355632.0,301255931.0,1.255,1.298,1.244,1.275,4.24,4.43,0.61,2.82,1229306.0,1126326.0,-9958313.0,-3.31,-40482479.0,-13.44,30524166.0,10.13,3677054.0,1.22,6281258.0,2.09,-26487.0,1.276,1.277,5323140096.0,6797649903,6797649903,2026-07-07,2026-07-07 16:11:52+08:00
520630,港股通互联网ETF广发,0.639,0.6396,0.09,0.001,0.16,333887.0,21651101.0,0.644,0.662,0.636,0.638,4.08,7.62,1.93,9.0,146143.0,187744.0,367711.0,1.7,-173991.0,-0.8,541702.0,2.5,-375718.0,-1.74,8007.0,0.04,-780.0,0.639,0.64,438110000.0,279952290,279952290,2026-07-07,2026-07-07 16:11:35+08:00
520910,港股通互联网ETF华夏,0.615,0.6164,0.23,0.001,0.16,859615.0,53878626.0,0.616,0.64,0.614,0.614,4.23,11.14,1.4,-26.71,452748.0,406867.0,1248574.0,2.32,-207513.0,-0.39,1456087.0,2.7,-1289027.0,-2.39,40453.0,0.08,-740.0,0.615,0.616,771445008.0,474438680,474438680,2026-07-07,2026-07-07 16:11:56+08:00
512480,半导体ETF国联安,1.336,1.3292,-0.51,0.002,0.15,12714319.0,1699973250.0,1.31,1.365,1.299,1.334,4.95,7.42,1.05,23.49,6586328.0,6127991.0,9985104.0,0.59,-7381472.0,-0.43,17366576.0,1.02,-23602048.0,-1.39,13616950.0,0.8,-73645.0,1.336,1.337,17126007296.0,22880345747,22880345747,2026-07-07,2026-07-07 16:11:48+08:00
159389,数字经济ETF嘉实,2.104,2.1005,-0.17,0.003,0.14,104309.0,21977229.5,2.101,2.142,2.07,2.101,3.43,10.32,1.45,33.22,37218.0,67091.0,4033537.0,18.35,4560244.0,20.75,-526707.0,-2.4,-3934644.0,-17.9,-98895.0,-0.45,13.0,2.102,2.104,101093364.0,212700438,212700438,2026-07-07,2026-07-07 15:34:48+08:00
512700,银行ETF南方,1.402,1.4016,-0.03,0.002,0.14,689581.0,96008968.0,1.396,1.404,1.385,1.4,1.36,8.85,0.99,-61.12,313093.0,376488.0,686742.0,0.72,8604286.0,8.96,-7917544.0,-8.25,-764747.0,-0.8,78005.0,0.08,-110.0,1.401,1.402,779581008.0,1092972573,1092972573,2026-07-07,2026-07-07 16:11:59+08:00
159109,恒生50ETF景顺,0.766,0.7654,-0.08,0.001,0.13,442107.0,34062877.2,0.772,0.782,0.766,0.765,2.09,5.39,0.9,-45.04,276392.0,165715.0,-12806289.0,-37.6,-3627738.0,-10.65,-9178551.0,-26.95,12782082.0,37.52,24207.0,0.07,-201.0,0.766,0.767,820163856.0,628245514,628245514,2026-07-07,2026-07-07 15:34:18+08:00
159135,港股通科技ETF前海开源,0.766,0.7705,0.58,0.001,0.13,419945.0,32731072.34,0.765,0.794,0.75,0.765,5.75,6.21,2.47,28.74,177417.0,242529.0,358129.0,1.09,7041332.0,21.51,-6683203.0,-20.42,-475842.0,-1.45,117714.0,0.36,299.0,0.765,0.766,675966384.0,517790250,517790250,2026-07-07,2026-07-07 15:34:45+08:00
159607,中概互联网ETF嘉实,0.767,0.7746,0.98,0.001,0.13,2726670.0,212503359.3,0.768,0.793,0.766,0.766,3.52,21.49,1.44,-37.95,1291096.0,1435574.0,537552.0,0.25,11374537.0,5.35,-10836985.0,-5.1,-990971.0,-0.47,453419.0,0.21,-2954.0,0.767,0.768,1268829136.0,973191947,973191947,2026-07-07,2026-07-07 15:34:00+08:00
520560,香港大盘30ETF华宝,0.76,0.7629,0.38,0.001,0.13,145929.0,11179345.0,0.76,0.775,0.758,0.759,2.24,2.16,1.13,5.93,78137.0,67792.0,1008802.0,9.02,1610555.0,14.41,-601753.0,-5.38,-909774.0,-8.14,-99028.0,-0.89,-1239.0,0.76,0.761,674419008.0,512558446,512558446,2026-07-07,2026-07-07 16:11:37+08:00
159511,通信ETF南方,2.542,2.5432,0.05,0.003,0.12,105562.0,26838446.8,2.509,2.574,2.496,2.539,3.07,7.04,0.82,31.1,55320.0,50242.0,-2582252.0,-9.62,-4739284.0,-17.66,2157032.0,8.04,527608.0,1.97,2054644.0,7.66,-123.0,2.542,2.543,149944573.0,381159105,381159105,2026-07-07,2026-07-07 15:34:09+08:00
159750,港股科技50ETF招商,0.836,0.8382,0.26,0.001,0.12,1218326.0,103089158.0,0.835,0.861,0.833,0.835,3.35,9.11,1.4,-28.08,581250.0,637076.0,2547461.0,2.47,-2821826.0,-2.74,5369287.0,5.21,-3014663.0,-2.92,467201.0,0.45,-618.0,0.836,0.837,1336618256.0,1117412862,1117412862,2026-07-07,2026-07-07 15:34:03+08:00
159365,恒指港股通ETF富国,0.929,0.9302,0.13,0.001,0.11,12746.0,1190533.7,0.931,0.941,0.926,0.928,1.62,2.35,0.26,39.71,7777.0,4969.0,-22958.0,-1.93,0.0,0.0,-22958.0,-1.93,4608.0,0.39,18350.0,1.54,30.0,0.929,0.93,54162398.0,50316868,50316868,2026-07-07,2026-07-07 15:34:33+08:00
159015,恒生港股通科技ETF国联,0.871,0.8736,0.3,0.001,0.11,163595.0,14519819.698,0.87,0.901,0.87,0.87,3.56,14.06,2.48,-64.36,81565.0,82030.0,1152362.0,7.94,0.0,0.0,1152362.0,7.94,-1159730.0,-7.99,7370.0,0.05,-300.0,0.871,0.874,116352934.0,101343406,101343406,2026-07-07,2026-07-07 15:34:03+08:00
520830,沙特ETF华泰柏瑞,0.886,0.884,-0.23,0.001,0.11,169330.0,14981769.0,0.885,0.886,0.884,0.885,0.23,1.43,0.89,-36.18,67213.0,102117.0,889343.0,5.94,-1539436.0,-10.28,2428779.0,16.21,-504208.0,-3.37,-385134.0,-2.57,-703.0,0.885,0.886,1186619008.0,1051344441,1051344441,2026-07-07,2026-07-07 16:11:48+08:00
589360,科创50ETF国泰,1.036,1.0303,-0.55,0.001,0.1,342675.0,35740939.0,1.034,1.054,1.018,1.035,3.48,15.49,0.63,8.46,160875.0,181800.0,468578.0,1.31,5284622.0,14.79,-4816044.0,-13.47,-352580.0,-0.99,-115998.0,-0.32,-2227.0,1.036,1.038,221174000.0,229136264,229136264,2026-07-07,2026-07-07 16:11:56+08:00
513320,港股通新经济ETF易方达,1.023,1.0267,0.36,0.001,0.1,233071.0,24206522.0,1.028,1.058,1.021,1.022,3.62,21.0,1.86,-9.45,106971.0,126100.0,884719.0,3.65,224586.0,0.93,660133.0,2.73,-858453.0,-3.55,-26265.0,-0.11,-206.0,1.023,1.024,111010600.0,113563844,113563844,2026-07-07,2026-07-07 16:11:33+08:00
588940,科创50ETF富国,2.068,2.0643,-0.18,0.002,0.1,636205.0,131763729.0,2.02,2.104,2.017,2.066,4.21,12.15,0.85,-22.82,331932.0,304273.0,-10177651.0,-7.72,-9021519.0,-6.85,-1156132.0,-0.88,5878407.0,4.46,4299244.0,3.26,-2040.0,2.068,2.069,523420000.0,1082432560,1082432560,2026-07-07,2026-07-07 16:11:52+08:00
159312,恒指港股通ETF广发,1.1,1.1031,0.28,0.001,0.09,50912.0,5621011.8,1.096,1.114,1.096,1.099,1.64,13.32,0.74,47.96,25333.0,25579.0,-52468.0,-0.93,0.0,0.0,-52468.0,-0.93,12822.0,0.23,39646.0,0.71,-109.0,1.1,1.101,38224353.0,42046788,42046788,2026-07-07,2026-07-07 15:34:00+08:00
159385,数字经济ETF富国,2.115,2.1134,-0.08,0.002,0.09,84349.0,17868163.2,2.102,2.153,2.078,2.113,3.55,20.57,0.96,-6.9,42147.0,42202.0,278192.0,1.56,1097357.0,6.14,-819165.0,-4.58,-242224.0,-1.36,-35968.0,-0.2,55.0,2.115,2.116,41002525.0,86720340,86720340,2026-07-07,2026-07-07 15:34:09+08:00
159997,电子ETF天弘,2.539,2.5373,-0.07,0.002,0.08,643314.0,162861498.1,2.486,2.575,2.48,2.537,3.74,9.55,1.1,84.28,339106.0,304208.0,18478308.0,11.35,16550301.0,10.16,1928007.0,1.18,4572646.0,2.81,-23050953.0,-14.15,453.0,2.538,2.539,673306640.0,1709525559,1709525559,2026-07-07,2026-07-07 15:34:39+08:00
159980,有色ETF大成,2.063,2.0678,0.23,0.001,0.05,930188.0,191842940.3,2.057,2.07,2.056,2.062,0.68,3.72,0.5,35.31,476289.0,453899.0,3583657.0,1.87,4327122.0,2.26,-743465.0,-0.39,-2399.0,0.0,-3581258.0,-1.87,2539.0,2.062,2.063,2503824784.0,5165390529,5165390529,2026-07-07,2026-07-07 15:34:39+08:00
511950,添利货币ETF广发,100.03,,-0.03,0.03,0.03,1302.0,13028424.0,99.997,101.998,99.997,100.0,2.0,39.81,3.68,75.87,945.0,357.0,-792709.0,-6.08,30000.0,0.23,-822709.0,-6.31,1175307.0,9.02,-382598.0,-2.94,-11.0,100.03,100.031,327000.0,32709810,32709810,2026-07-07,2026-07-07 16:11:34+08:00
511850,招商财富宝ETF,100.01,,-0.01,0.009,0.01,8132.0,81325266.0,100.0,100.015,100.0,100.001,0.02,9.14,0.75,1.0,4772.0,3360.0,3540837.0,4.35,5201350.0,6.4,-1660513.0,-2.04,-2521512.0,-3.1,-1019324.0,-1.25,-239.0,100.01,100.011,8897400.0,889828974,889828974,2026-07-07,2026-07-07 16:11:49+08:00
511880,银华日利ETF,100.62,,-0.03,0.015,0.01,1076370.0,10828625848.0,100.6,100.621,100.596,100.605,0.02,13.84,0.51,42.91,599207.0,477163.0,-38043648.0,-0.35,168707328.0,1.56,-206750976.0,-1.91,56151872.0,0.52,-18108216.0,-0.17,-17031.0,100.62,100.621,777523104.0,78234374724,78234374724,2026-07-07,2026-07-07 16:11:59+08:00
511980,货币ETF汇添富,100.058,,-0.06,0.011,0.01,37.0,370407.0,100.058,100.06,100.047,100.047,0.01,1.54,2.01,76.93,19.0,18.0,190204.0,51.35,0.0,0.0,190204.0,51.35,-110060.0,-29.71,-80144.0,-21.64,-1.0,100.055,100.062,240700.0,24083961,24083961,2026-07-07,2026-07-07 16:11:56+08:00
511990,华宝添益ETF,100.009,,-0.01,0.007,0.01,702384.0,7024012399.0,100.0,100.012,99.998,100.002,0.01,9.07,0.59,-70.98,386430.0,315954.0,22790656.0,0.32,47447296.0,0.68,-24656640.0,-0.35,-6585915.0,-0.09,-16204577.0,-0.23,-6104.0,100.008,100.009,774814496.0,77488422930,77488422930,2026-07-07,2026-07-07 16:11:38+08:00
511660,货币ETF建信,100.005,,-0.01,0.005,0.01,43292.0,432931625.0,99.999,100.011,99.998,100.0,0.01,5.59,0.52,-6.74,26928.0,16364.0,10737117.0,2.48,34003104.0,7.85,-23265987.0,-5.37,-7965834.0,-1.84,-2771269.0,-0.64,-167.0,100.005,100.006,77501700.0,7750557509,7750557509,2026-07-07,2026-07-07 16:11:39+08:00
511770,金鹰增益货币ETF,100.004,,0.0,0.007,0.01,158.0,1580220.0,99.999,100.004,99.998,99.997,0.01,3.91,0.21,-1.46,154.0,4.0,390108.0,24.69,90100.0,5.7,300008.0,18.99,-280008.0,-17.72,-110101.0,-6.97,13.0,100.0,100.002,404100.0,40411616,40411616,2026-07-07,2026-07-07 16:11:44+08:00
589850,科创50ETF东财,1.914,1.9112,-0.15,0.0,0.0,685760.0,131497790.0,1.876,1.947,1.872,1.914,3.92,16.06,0.79,43.98,337648.0,348112.0,-1502925.0,-1.14,-7930547.0,-6.03,6427622.0,4.89,6285791.0,4.78,-4782865.0,-3.64,-2404.0,1.914,1.915,427057008.0,817387113,817387113,2026-07-07,2026-07-07 16:11:48+08:00
159620,中证500成长ETF华夏,1.38,1.3589,-1.55,0.0,0.0,,,,,,1.38,0.0,0.0,,0.0,,,,,,,,,,,,,,,,30140934.0,41594489,41594489,2026-07-07,2026-07-07 15:34:45+08:00
511670,华泰天天金ETF,99.999,,0.0,-0.001,0.0,27.0,270301.0,100.002,100.002,99.997,100.0,0.01,1.86,0.17,18.52,23.0,4.0,59998.0,22.2,59998.0,22.2,0.0,0.0,-109997.0,-40.69,49999.0,18.5,0.0,100.0,100.006,145400.0,14539855,14539855,2026-07-07,2026-07-07 16:11:33+08:00
520950,港股通50ETF摩根,0.786,0.7883,0.29,0.0,0.0,257019.0,20328745.0,0.787,0.802,0.785,0.786,2.16,7.64,0.84,0.63,126946.0,130073.0,750654.0,3.69,1434025.0,7.05,-683371.0,-3.36,-704884.0,-3.47,-45771.0,-0.23,-1381.0,0.786,0.788,336421008.0,264426912,264426912,2026-07-07,2026-07-07 16:11:50+08:00
520840,港股通恒生科技ETF华安,0.736,0.7373,0.18,0.0,0.0,1261592.0,94481288.0,0.736,0.761,0.734,0.736,3.67,10.12,1.46,52.97,667082.0,594510.0,2466450.0,2.61,6158163.0,6.52,-3691713.0,-3.91,-1694711.0,-1.79,-771739.0,-0.82,-1394.0,0.736,0.738,1246049008.0,917092070,917092070,2026-07-07,2026-07-07 16:11:34+08:00
159920,恒生ETF华夏,1.392,1.3933,0.09,0.0,0.0,2854672.0,399202239.7,1.391,1.409,1.387,1.392,1.58,4.6,0.92,33.39,1294056.0,1560616.0,312226.0,0.08,12435816.0,3.12,-12123590.0,-3.04,525599.0,0.13,-837825.0,-0.21,14353.0,1.391,1.392,6211559168.0,8646490362,8646490362,2026-07-07,2026-07-07 15:34:09+08:00
511700,货币ETF平安,100.005,,-0.01,0.003,0.0,4397.0,43975977.0,100.002,100.006,100.001,100.002,0.01,2.78,0.46,-35.21,2951.0,1446.0,5687709.0,12.93,8946916.0,20.35,-3259207.0,-7.41,-3870752.0,-8.8,-1816957.0,-4.13,-58.0,100.004,100.005,15790000.0,1579078950,1579078950,2026-07-07,2026-07-07 16:12:02+08:00
159253,银行ETF博时,0.906,0.9068,0.09,0.0,0.0,49974.0,4509352.8,0.907,0.913,0.897,0.906,1.77,0.81,0.6,1.86,20722.0,29252.0,364789.0,8.09,190155.0,4.22,174634.0,3.87,-299676.0,-6.65,-65113.0,-1.44,-54.0,0.906,0.908,618804976.0,560637308,560637308,2026-07-07,2026-07-07 15:34:03+08:00
159240,A500增强ETF天弘,1.368,1.3532,-1.09,0.0,0.0,20186.0,2729930.9,1.361,1.373,1.344,1.368,2.12,13.81,1.77,90.32,3814.0,16372.0,-270455.0,-9.91,1350000.0,49.45,-1620455.0,-59.36,130165.0,4.77,140290.0,5.14,-117.0,1.368,1.374,14619776.0,19999854,19999854,2026-07-07,2026-07-07 15:34:33+08:00
516310,银行ETF易方达,1.26,1.2605,0.04,0.0,0.0,888334.0,111360153.0,1.259,1.262,1.246,1.26,1.27,4.96,0.74,-18.42,434932.0,453402.0,-1898392.0,-1.7,-1444946.0,-1.3,-453446.0,-0.41,704954.0,0.63,1193439.0,1.07,-1015.0,1.26,1.261,1792158496.0,2258119705,2258119705,2026-07-07,2026-07-07 16:11:54+08:00
560990,科技先锋ETF中金,1.256,1.2523,-0.3,0.0,0.0,10484.0,1322749.0,1.246,1.267,1.235,1.256,2.55,6.9,0.66,-3.94,6487.0,3997.0,114460.0,8.65,0.0,0.0,114460.0,8.65,-125600.0,-9.5,11140.0,0.84,30.0,1.256,1.257,15187100.0,19074998,19074998,2026-07-07,2026-07-07 16:11:37+08:00
159040,港股通互联网ETF鹏华,1.039,1.0504,1.09,0.0,0.0,200911.0,21272606.367,1.039,1.08,1.036,1.039,4.23,19.42,1.55,-18.93,73841.0,127070.0,97853.0,0.46,1197809.0,5.63,-1099956.0,-5.17,-189510.0,-0.89,91658.0,0.43,-50.0,1.039,1.04,103481087.0,107516849,107516849,2026-07-07,2026-07-07 15:34:12+08:00
159605,中概互联ETF广发,0.77,0.7766,0.85,0.0,0.0,5960443.0,466161932.312,0.771,0.795,0.768,0.77,3.51,12.74,1.39,-4.33,2945498.0,3014945.0,4189567.0,0.9,6498247.0,1.39,-2308680.0,-0.5,-3614930.0,-0.78,-574637.0,-0.12,-14492.0,0.77,0.771,4678486272.0,3602434429,3602434429,2026-07-07,2026-07-07 15:34:39+08:00
159728,在线消费ETF南方,0.755,0.7526,-0.32,0.0,0.0,97112.0,7419248.4,0.755,0.775,0.752,0.755,3.05,23.17,1.26,-5.56,61487.0,35625.0,-724327.0,-9.76,-267736.0,-3.61,-456591.0,-6.15,489066.0,6.59,235261.0,3.17,2.0,0.755,0.758,41910129.0,31642147,31642147,2026-07-07,2026-07-07 15:34:06+08:00
159747,香港科技ETF南方,1.138,1.1401,0.18,0.0,0.0,855686.0,98750224.4,1.138,1.171,1.134,1.138,3.25,25.95,1.49,-81.25,410398.0,445288.0,1740920.0,1.76,33299.0,0.03,1707621.0,1.73,-1256281.0,-1.27,-484639.0,-0.49,-353.0,1.138,1.139,329712272.0,375212566,375212566,2026-07-07,2026-07-07 15:34:30+08:00
159786,VRETF银华,1.341,1.3426,0.12,0.0,0.0,190737.0,25762584.456,1.328,1.37,1.322,1.341,3.58,19.13,0.61,14.14,90575.0,100162.0,402496.0,1.56,827641.0,3.21,-425145.0,-1.65,-1032551.0,-4.01,630054.0,2.45,800.0,1.34,1.341,99701174.0,133699274,133699274,2026-07-07,2026-07-07 15:34:21+08:00
159793,线上消费ETF平安,0.781,0.7798,-0.15,0.0,0.0,9478.0,747397.092,0.782,0.8,0.779,0.781,2.69,2.38,1.37,58.42,5018.0,4460.0,-113386.0,-15.17,0.0,0.0,-113386.0,-15.17,102139.0,13.67,11248.0,1.5,7.0,0.777,0.787,39758908.0,31051707,31051707,2026-07-07,2026-07-07 15:34:27+08:00
560000,智能电车ETF浦银,0.939,,,0.0,0.0,,,,,,0.939,0.0,0.0,,0.0,,,,,,,,,,,,,,,,7022900.0,6594503,6594503,2026-07-07,2026-07-07 16:11:35+08:00
560650,核心50ETF民生加银,1.068,,,0.0,0.0,,,,,,1.068,0.0,0.0,,0.0,,,,,,,,,,,,,,,,7919200.0,8457706,8457706,2026-07-07,2026-07-07 16:11:39+08:00
159954,恒生中国企业ETF南方,0.852,0.8543,0.27,0.0,0.0,172045.0,14662880.4,0.855,0.866,0.848,0.852,2.11,7.87,4.31,4.49,119435.0,52610.0,1377437.0,9.39,9424.0,0.06,1368013.0,9.33,-1211168.0,-8.26,-166271.0,-1.13,500.0,0.851,0.852,218605083.0,186251531,186251531,2026-07-07,2026-07-07 15:34:30+08:00
511860,货币ETF博时,100.005,,-0.01,0.004,0.0,521.0,5210281.0,100.0,100.005,100.0,100.001,0.01,12.88,1.1,0.16,381.0,140.0,280208.0,5.38,280208.0,5.38,0.0,0.0,-260008.0,-4.99,-20200.0,-0.39,100.0,100.001,100.003,404600.0,40462023,40462023,2026-07-07,2026-07-07 16:11:42+08:00
511810,货币ETF南方,100.003,,0.0,0.002,0.0,1379.0,13786844.0,99.999,100.004,99.999,100.001,0.01,3.75,1.42,6.39,943.0,436.0,771098.0,5.59,730086.0,5.3,41012.0,0.3,-27591.0,-0.2,-743508.0,-5.39,27.0,100.003,100.004,3673200.0,367331020,367331020,2026-07-07,2026-07-07 16:11:44+08:00
515290,银行ETF天弘,1.365,1.3654,0.03,0.0,0.0,238813.0,32470812.0,1.365,1.369,1.35,1.365,1.39,0.88,0.63,-32.37,134624.0,104189.0,-7010879.0,-21.59,-8849545.0,-27.25,1838666.0,5.66,569855.0,1.75,6441024.0,19.84,-283.0,1.365,1.366,2714872896.0,3705801503,3705801503,2026-07-07,2026-07-07 16:11:57+08:00
512030,中证A50增强ETF易方达,1.111,1.1072,-0.34,0.0,0.0,22024.0,2452366.0,1.113,1.122,1.107,1.111,1.35,4.98,0.41,0.46,7311.0,14713.0,-1112132.0,-45.35,0.0,0.0,-1112132.0,-45.35,66264.0,2.7,1045869.0,42.65,-131.0,1.11,1.114,44240000.0,49150640,49150640,2026-07-07,2026-07-07 16:11:52+08:00
512730,银行ETF鹏华,1.558,1.5609,0.19,0.0,0.0,96242.0,14941540.0,1.556,1.565,1.542,1.558,1.48,13.35,1.06,-28.65,49486.0,46756.0,758657.0,5.08,-458323.0,-3.07,1216980.0,8.14,-438343.0,-2.93,-320314.0,-2.14,41.0,1.557,1.562,72083900.0,112306716,112306716,2026-07-07,2026-07-07 16:11:52+08:00
513990,港股通ETF招商,1.042,1.0467,0.45,0.0,0.0,247357.0,25914796.0,1.042,1.057,1.039,1.042,1.73,37.48,1.16,-7.74,123886.0,123471.0,999959.0,3.86,556002.0,2.15,443957.0,1.71,-942403.0,-3.64,-57555.0,-0.22,-2.0,1.041,1.042,66000000.0,68772000,68772000,2026-07-07,2026-07-07 16:11:43+08:00
588790,科创AIETF博时,0.942,0.9389,-0.33,0.0,0.0,4575952.0,435599786.0,0.938,0.971,0.929,0.942,4.46,16.29,1.01,16.9,2070026.0,2505926.0,690577.0,0.16,-12721899.0,-2.92,13412476.0,3.08,-192779.0,-0.04,-497798.0,-0.11,-7248.0,0.942,0.943,2809384000.0,2646439728,2646439728,2026-07-07,2026-07-07 16:11:58+08:00
588930,科创人工智能ETF银华,1.86,1.8527,-0.39,0.0,0.0,441570.0,83184745.0,1.85,1.914,1.834,1.86,4.3,9.41,0.81,-16.91,219251.0,222319.0,836016.0,1.01,920947.0,1.11,-84931.0,-0.1,260852.0,0.31,-1096868.0,-1.32,-493.0,1.859,1.86,469329008.0,872951955,872951955,2026-07-07,2026-07-07 16:11:56+08:00
159126,港股通50ETF南方,0.876,0.8786,0.3,0.0,0.0,128997.0,11343013.7,0.876,0.888,0.875,0.876,1.48,4.86,1.28,-44.09,57079.0,71918.0,-9281.0,-0.08,0.0,0.0,-9281.0,-0.08,108255.0,0.95,-98974.0,-0.87,-1060.0,0.875,0.876,265616546.0,232680094,232680094,2026-07-07,2026-07-07 15:34:36+08:00
515020,银行ETF华夏,1.624,1.6256,0.1,0.0,0.0,707390.0,114362407.0,1.624,1.629,1.606,1.624,1.42,18.15,1.0,20.78,345477.0,361913.0,1805827.0,1.58,-1443118.0,-1.26,3248945.0,2.84,-1915710.0,-1.68,109883.0,0.1,-1712.0,1.623,1.624,389845296.0,633108761,633108761,2026-07-07,2026-07-07 16:11:33+08:00
589800,科创综指ETF易方达,1.868,1.864,-0.21,0.0,0.0,769459.0,143908966.0,1.845,1.9,1.833,1.868,3.59,8.33,0.93,37.67,338356.0,431103.0,9882521.0,6.87,14697965.0,10.21,-4815444.0,-3.35,-8049008.0,-5.59,-1833513.0,-1.27,-386.0,1.865,1.868,923988208.0,1726009973,1726009973,2026-07-07,2026-07-07 16:11:53+08:00
588770,科创信息ETF摩根,2.247,2.2504,0.15,0.0,0.0,138492.0,31326277.0,2.23,2.293,2.165,2.247,5.7,4.02,0.79,-32.43,78462.0,60030.0,11402914.0,36.4,12521352.0,39.97,-1118438.0,-3.57,-582029.0,-1.86,-10820886.0,-34.54,-18.0,2.247,2.256,344597104.0,774309693,774309693,2026-07-07,2026-07-07 16:11:51+08:00
588950,科创50ETF景顺,2.09,2.0774,-0.61,0.0,0.0,184460.0,38747542.0,2.03,2.129,2.03,2.09,4.74,7.24,0.62,29.75,95014.0,89446.0,-3686682.0,-9.51,-1596748.0,-4.12,-2089934.0,-5.39,1677099.0,4.33,2009582.0,5.19,-1388.0,2.09,2.091,254729700.0,532385073,532385073,2026-07-07,2026-07-07 16:11:50+08:00
589680,科创综指ETF鹏华,1.808,1.8066,-0.08,0.0,0.0,751321.0,136535160.0,1.784,1.839,1.761,1.808,4.31,7.55,0.9,-49.43,419649.0,331672.0,-12985465.0,-9.51,9168566.0,6.72,-22154031.0,-16.23,8963229.0,6.56,4022236.0,2.95,-193.0,1.808,1.809,994943696.0,1798858202,1798858202,2026-07-07,2026-07-07 16:11:33+08:00
159003,招商快线ETF,100.001,,0.0,0.001,0.0,3773.0,37729596.1,100.0,100.001,99.999,100.0,0.0,20.95,1.36,44.91,2001.0,1772.0,509595.0,1.35,-60400.0,-0.16,569995.0,1.51,-189597.0,-0.5,-319997.0,-0.85,39.0,100.0,100.001,1801151.0,180116901,180116901,2026-07-07,2026-07-07 15:34:57+08:00
159005,快钱ETF汇添富,100.0,,0.0,0.001,0.0,235.0,2349998.3,99.999,100.0,99.999,99.999,0.0,2.17,0.48,-45.17,218.0,17.0,49999.0,2.13,-1830000.0,-77.87,1879999.0,80.0,-150001.0,-6.38,100001.0,4.26,1.0,99.999,100.0,1084921.0,108492100,108492100,2026-07-07,2026-07-07 15:34:57+08:00
159001,货币ETF易方达,100.001,,0.0,0.002,0.0,32344.0,323434843.902,99.999,100.001,99.998,99.999,0.0,15.33,0.35,57.58,18808.0,13535.0,8087967.0,2.5,30121393.0,9.31,-22033426.0,-6.81,-5920051.0,-1.83,-2167916.0,-0.67,3086.0,100.0,100.001,21096093.0,2109630396,2109630396,2026-07-07,2026-07-07 15:34:57+08:00
511820,鹏华添利ETF,99.999,,0.0,0.001,0.0,531.0,5313892.0,100.0,100.003,99.998,99.998,0.01,8.21,1.1,31.65,406.0,125.0,-100003.0,-1.88,-100003.0,-1.88,0.0,0.0,71903.0,1.35,28101.0,0.53,-1.0,99.999,100.001,647600.0,64759352,64759352,2026-07-07,2026-07-07 16:11:56+08:00
512220,TMTETF景顺,4.553,4.5427,-0.23,0.0,0.0,98771.0,44977275.0,4.5,4.604,4.45,4.553,3.38,5.03,0.85,-25.23,43936.0,54835.0,-729209.0,-1.62,1516167.0,3.37,-2245376.0,-4.99,1197473.0,2.66,-468263.0,-1.04,-99.0,4.552,4.553,196467600.0,894516983,894516983,2026-07-07,2026-07-07 16:11:55+08:00
512820,银行ETF汇添富,1.333,1.335,0.15,0.0,0.0,557519.0,74028639.0,1.33,1.337,1.32,1.333,1.28,12.51,0.84,21.74,280554.0,276965.0,1901343.0,2.57,477613.0,0.65,1423730.0,1.92,-1988292.0,-2.69,86948.0,0.12,-345.0,1.332,1.333,445601904.0,593987338,593987338,2026-07-07,2026-07-07 16:11:56+08:00
511970,国寿货币ETF,99.998,,0.0,0.0,0.0,313.0,3130009.0,99.998,100.002,99.998,99.998,0.0,7.41,13.37,12.0,302.0,11.0,89998.0,2.88,0.0,0.0,89998.0,2.88,0.0,0.0,-89998.0,-2.88,-1.0,99.999,100.001,422300.0,42229155,42229155,2026-07-07,2026-07-07 16:11:53+08:00
511930,货币ETF国联,100.001,,0.0,0.001,0.0,15.0,150001.0,99.999,100.001,99.999,100.0,0.0,0.74,0.57,-58.85,11.0,4.0,0.0,0.0,0.0,0.0,0.0,0.0,49999.0,33.33,-49999.0,-33.33,10.0,99.933,100.001,202800.0,20280203,20280203,2026-07-07,2026-07-07 16:11:55+08:00
159318,恒指港股通ETF银华,1.221,1.2228,0.15,0.0,0.0,14079.0,1724224.2,1.221,1.236,1.221,1.221,1.23,8.0,0.46,2.04,4911.0,9168.0,149624.0,8.68,0.0,0.0,149624.0,8.68,-84736.0,-4.91,-64887.0,-3.76,-22.0,1.22,1.222,17601647.0,21491611,21491611,2026-07-07,2026-07-07 15:34:30+08:00
511600,华安日日鑫ETF,100.0,,0.0,0.0,0.0,145.0,1450056.0,99.998,100.005,99.998,100.0,0.01,2.03,0.36,2.69,126.0,19.0,-280015.0,-19.31,-290014.0,-20.0,9999.0,0.69,380014.0,26.21,-99999.0,-6.9,-3.0,100.0,100.003,714700.0,71470000,71470000,2026-07-07,2026-07-07 16:11:38+08:00
511620,货币ETF国泰,100.004,,0.0,0.004,0.0,2237.0,22373186.0,99.999,100.004,99.999,100.0,0.01,5.43,0.8,18.93,1402.0,835.0,2024210.0,9.05,-1934191.0,-8.65,3958401.0,17.69,-1800612.0,-8.05,-223599.0,-1.0,-10.0,100.004,100.005,4121600.0,412176486,412176486,2026-07-07,2026-07-07 16:11:47+08:00
159195,石油ETF华安,0.857,0.8374,-2.34,0.0,0.0,264358.0,22141235.541,0.857,0.857,0.831,0.857,3.03,27.4,1.47,91.79,149404.0,114954.0,2780993.0,12.56,0.0,0.0,2780993.0,12.56,821157.0,3.71,-3602150.0,-16.27,100.0,0.837,0.857,96490164.0,82692071,82692071,2026-07-07,2026-07-07 15:34:33+08:00
511900,富国货币ETF,100.002,,0.0,0.001,0.0,1764.0,17639167.0,99.999,100.002,99.98,100.001,0.02,9.68,1.58,-5.88,1305.0,459.0,-739478.0,-4.19,-399979.0,-2.27,-339499.0,-1.92,577884.0,3.28,161594.0,0.92,-12.0,100.001,100.002,1821400.0,182143643,182143643,2026-07-07,2026-07-07 16:12:02+08:00
511920,货币ETF广发,100.001,,0.0,0.004,0.0,115.0,1151890.0,99.999,100.001,99.999,99.997,0.0,3.36,2.76,-42.73,91.0,24.0,-651893.0,-56.59,-1001889.0,-86.98,349996.0,30.38,651995.0,56.6,-101.0,-0.01,5.0,99.999,100.0,342800.0,34280343,34280343,2026-07-07,2026-07-07 16:11:37+08:00
511830,货币ETF华泰柏瑞,100.003,,0.0,0.003,0.0,13.0,131797.0,99.993,100.003,99.993,100.0,0.01,0.42,0.14,-30.0,10.0,3.0,0.0,0.0,0.0,0.0,0.0,0.0,-49996.0,-37.93,49997.0,37.93,1.0,100.0,100.003,316200.0,31620949,31620949,2026-07-07,2026-07-07 16:11:35+08:00
511960,货币ETF嘉实,100.0,,0.0,0.001,0.0,47.0,474100.0,99.999,100.0,99.999,99.999,0.0,1.63,0.08,-1.42,2.0,45.0,184099.0,38.83,474099.0,100.0,-290000.0,-61.17,-100000.0,-21.09,-84099.0,-17.74,-2.0,100.0,100.001,290300.0,29030000,29030000,2026-07-07,2026-07-07 16:11:47+08:00
511690,交易货币ETF大成,100.001,,0.0,-0.001,0.0,824.0,8237965.0,100.0,100.002,100.0,100.002,0.0,1.38,0.8,-12.25,316.0,508.0,647900.0,7.86,557891.0,6.77,90009.0,1.09,-551902.0,-6.7,-95997.0,-1.17,-3.0,100.0,100.001,5956400.0,595645956,595645956,2026-07-07,2026-07-07 16:11:40+08:00
511910,融通货币ETF,99.999,,0.0,0.001,0.0,46.0,459017.0,100.002,100.01,99.998,99.998,0.01,5.01,2.03,-18.69,16.0,30.0,120099.0,26.16,0.0,0.0,120099.0,26.16,-99294.0,-21.63,-20805.0,-4.53,-1.0,99.999,100.006,91600.0,9159908,9159908,2026-07-07,2026-07-07 16:12:00+08:00
511650,货币ETF华夏,100.003,,0.0,0.0,0.0,343.0,3432486.0,100.001,100.003,100.001,100.003,0.0,2.85,0.39,7.87,246.0,97.0,412403.0,12.01,942411.0,27.46,-530008.0,-15.44,-422404.0,-12.31,10001.0,0.29,5.0,100.0,100.003,1202400.0,120243607,120243607,2026-07-07,2026-07-07 16:12:02+08:00
511800,易方达货币ETF,100.007,,-0.01,-0.005,-0.01,875.0,8752055.0,100.002,100.013,100.001,100.012,0.01,5.54,1.03,26.1,677.0,198.0,451153.0,5.15,90300.0,1.03,360853.0,4.12,-349636.0,-3.99,-101517.0,-1.16,1.0,100.006,100.007,1578400.0,157851049,157851049,2026-07-07,2026-07-07 16:11:41+08:00
589000,科创综指ETF华夏,1.852,1.8515,-0.03,-0.001,-0.05,716867.0,133517302.0,1.841,1.885,1.822,1.853,3.4,9.2,0.91,-2.6,374188.0,342679.0,-4554577.0,-3.41,-1602089.0,-1.2,-2952488.0,-2.21,4237988.0,3.17,316589.0,0.24,-1508.0,1.849,1.852,779507808.0,1443648460,1443648460,2026-07-07,2026-07-07 16:12:00+08:00
588720,科创50ETF中银,2.013,2.0109,-0.1,-0.001,-0.05,42091.0,8494119.0,1.998,2.046,1.97,2.014,3.77,4.56,0.57,14.25,19901.0,22190.0,-1220605.0,-14.37,1925361.0,22.67,-3145966.0,-37.04,1169850.0,13.77,50754.0,0.6,-134.0,2.01,2.013,92241800.0,185682743,185682743,2026-07-07,2026-07-07 16:11:42+08:00
159941,纳指ETF广发,1.624,1.5113,-7.46,-0.001,-0.06,7735747.0,1252517931.148,1.618,1.628,1.609,1.625,1.17,3.44,0.9,22.69,3723610.0,4012137.0,-37491712.0,-2.99,70366048.0,5.62,-107857760.0,-8.61,4101548.0,0.33,33390173.0,2.67,-68602.0,1.624,1.625,22489010176.0,36522152526,36522152526,2026-07-07,2026-07-07 15:34:54+08:00
159994,通信ETF银华,1.469,1.4636,-0.37,-0.001,-0.07,2558708.0,374700644.863,1.445,1.49,1.425,1.47,4.42,8.2,1.03,38.34,984108.0,1574600.0,5891945.0,1.57,7532326.0,2.01,-1640381.0,-0.44,-8951217.0,-2.39,3059272.0,0.82,-9625.0,1.469,1.47,3122003360.0,4586222936,4586222936,2026-07-07,2026-07-07 15:34:24+08:00
159529,标普消费ETF景顺,1.313,1.2948,-1.41,-0.001,-0.08,328368.0,43081627.646,1.313,1.317,1.303,1.314,1.07,4.05,0.71,-12.98,167081.0,161287.0,-2594775.0,-6.02,61523.0,0.14,-2656298.0,-6.17,3764696.0,8.74,-1169921.0,-2.72,6302.0,1.312,1.313,811536784.0,1065547797,1065547797,2026-07-07,2026-07-07 15:34:12+08:00
513600,恒生指数ETF南方,2.569,2.5773,0.32,-0.002,-0.08,838206.0,216643520.0,2.567,2.605,2.562,2.571,1.67,14.66,1.27,18.03,392141.0,446065.0,9875046.0,4.56,15140253.0,6.99,-5265207.0,-2.43,-5528347.0,-2.55,-4346700.0,-2.01,-4952.0,2.569,2.57,571829504.0,1469029996,1469029996,2026-07-07,2026-07-07 16:11:46+08:00
516210,银行ETF华安,1.296,1.2976,0.12,-0.001,-0.08,74031.0,9539225.0,1.293,1.3,1.283,1.297,1.31,8.83,0.95,0.26,44602.0,29429.0,-349797.0,-3.67,-42537.0,-0.45,-307260.0,-3.22,279578.0,2.93,70220.0,0.74,405.0,1.295,1.299,83831000.0,108644976,108644976,2026-07-07,2026-07-07 16:11:34+08:00
159887,银行ETF富国,1.24,1.241,0.08,-0.001,-0.08,588969.0,72766934.3,1.24,1.245,1.227,1.241,1.45,8.43,0.83,28.22,250795.0,338174.0,151270.0,0.21,-2091357.0,-2.87,2242627.0,3.08,-1845195.0,-2.54,1693927.0,2.33,-7301.0,1.24,1.241,698415952.0,866035780,866035780,2026-07-07,2026-07-07 15:34:12+08:00
513100,纳指ETF国泰,2.169,2.0166,-7.56,-0.002,-0.09,2118120.0,458934885.0,2.167,2.176,2.155,2.171,0.97,2.24,0.72,-43.68,1120688.0,997432.0,-16988713.0,-3.7,-3082490.0,-0.67,-13906223.0,-3.03,1836759.0,0.4,15151953.0,3.3,-5933.0,2.169,2.17,9465110528.0,20529824735,20529824735,2026-07-07,2026-07-07 16:11:35+08:00
560050,中国A50ETF汇添富,1.111,1.1114,0.04,-0.001,-0.09,1016552.0,112935645.0,1.112,1.117,1.102,1.112,1.35,4.33,1.43,-21.86,765011.0,251541.0,-3777270.0,-3.34,8085381.0,7.16,-11862651.0,-10.5,3728474.0,3.3,48794.0,0.04,-1002.0,1.109,1.111,2349934400.0,2610777118,2610777118,2026-07-07,2026-07-07 16:11:43+08:00
159788,港股通100ETF易方达,1.128,1.1302,0.19,-0.001,-0.09,84911.0,9606177.4,1.126,1.144,1.122,1.129,1.95,8.99,0.55,-4.53,49187.0,35724.0,736999.0,7.67,189196.0,1.97,547803.0,5.7,-573981.0,-5.98,-163018.0,-1.7,162.0,1.124,1.128,94424965.0,106511361,106511361,2026-07-07,2026-07-07 15:34:24+08:00
588260,科创信息ETF华安,3.101,3.0892,-0.38,-0.003,-0.1,24227.0,7580967.0,3.157,3.17,3.013,3.104,5.06,5.54,0.82,8.73,6625.0,17602.0,114359.0,1.51,3020573.0,39.84,-2906214.0,-38.34,-274728.0,-3.62,160368.0,2.12,8.0,3.1,3.102,43746000.0,135656346,135656346,2026-07-07,2026-07-07 16:11:54+08:00
159507,通信ETF广发,0.958,0.9554,-0.27,-0.001,-0.1,804059.0,77159820.6,0.954,0.974,0.94,0.959,3.55,9.68,0.75,44.77,372293.0,431766.0,-11417462.0,-14.8,-11059866.0,-14.33,-357596.0,-0.46,4195825.0,5.44,7221637.0,9.36,-7299.0,0.958,0.959,830830896.0,795935998,795935998,2026-07-07,2026-07-07 15:34:06+08:00
159501,纳指ETF嘉实,2.051,1.8936,-8.31,-0.002,-0.1,484878.0,99425947.0,2.056,2.056,2.042,2.053,0.68,0.75,0.8,6.45,233016.0,251862.0,-14599401.0,-14.68,-3741938.0,-3.76,-10857463.0,-10.92,5156373.0,5.19,9443029.0,9.5,2807.0,2.05,2.051,6454986496.0,13239177303,13239177303,2026-07-07,2026-07-07 15:34:18+08:00
510900,恒生中国企业ETF易方达,0.965,0.9691,0.42,-0.001,-0.1,1825584.0,177388601.0,0.965,0.982,0.962,0.966,2.07,5.34,1.3,14.39,923854.0,901730.0,3839228.0,2.16,10092678.0,5.69,-6253450.0,-3.53,-3209303.0,-1.81,-629925.0,-0.36,-2398.0,0.964,0.965,3418021904.0,3298391137,3298391137,2026-07-07,2026-07-07 16:11:59+08:00
589880,科创综指ETF建信,1.837,1.8371,0.01,-0.002,-0.11,257905.0,47377176.0,1.821,1.87,1.814,1.839,3.05,5.32,0.46,8.93,168061.0,89844.0,1614153.0,3.41,9969964.0,21.04,-8355811.0,-17.64,-1426019.0,-3.01,-188134.0,-0.4,-1316.0,1.837,1.844,484996000.0,890937652,890937652,2026-07-07,2026-07-07 16:11:49+08:00
159271,恒生ETF鹏华,0.901,0.8984,-0.29,-0.001,-0.11,75390.0,6821976.6,0.904,0.913,0.899,0.902,1.55,2.12,1.47,-50.29,30248.0,45142.0,-1854828.0,-27.19,-684347.0,-10.03,-1170481.0,-17.16,465533.0,6.82,1389296.0,20.37,508.0,0.901,0.905,356386736.0,321104449,321104449,2026-07-07,2026-07-07 15:34:15+08:00
526070,恒指港股通ETF博时,0.921,0.9245,0.38,-0.001,-0.11,85757.0,7946781.0,0.923,0.932,0.918,0.922,1.52,8.81,1.07,-65.2,50238.0,35519.0,254588.0,3.2,647392.0,8.15,-392804.0,-4.94,-236059.0,-2.97,-18530.0,-0.23,-50.0,0.921,0.923,97377000.0,89684217,89684217,2026-07-07,2026-07-07 16:11:34+08:00
589080,科创综指ETF汇添富,1.841,1.8353,-0.31,-0.002,-0.11,174791.0,32199100.0,1.84,1.873,1.806,1.843,3.64,13.14,0.76,-10.97,111743.0,63048.0,-842089.0,-2.62,5442690.0,16.9,-6284779.0,-19.52,540076.0,1.68,302013.0,0.94,-395.0,1.841,1.843,133061000.0,244965301,244965301,2026-07-07,2026-07-07 16:11:46+08:00
159329,沙特ETF南方,0.896,0.8954,-0.07,-0.001,-0.11,195989.0,17584902.2,0.896,0.899,0.896,0.897,0.33,1.57,0.62,-48.22,63675.0,132314.0,-612112.0,-3.48,-2647626.0,-15.06,2035514.0,11.58,-517198.0,-2.94,1129310.0,6.42,-3455.0,0.896,0.897,1249689184.0,1119721509,1119721509,2026-07-07,2026-07-07 15:34:42+08:00
520680,港股通汽车ETF南方,0.845,0.8474,0.28,-0.001,-0.12,119775.0,10176905.0,0.846,0.866,0.84,0.846,3.07,17.78,2.12,2.07,43746.0,76029.0,545595.0,5.36,108420.0,1.07,437175.0,4.3,-578541.0,-5.68,32946.0,0.32,-118.0,0.841,0.845,67369000.0,56926805,56926805,2026-07-07,2026-07-07 16:11:59+08:00
512980,传媒ETF广发,0.808,0.8085,0.06,-0.001,-0.12,2358933.0,193099812.0,0.808,0.831,0.804,0.809,3.34,5.45,1.02,9.4,1265218.0,1093715.0,4044472.0,2.09,9284401.0,4.81,-5239929.0,-2.71,-6797308.0,-3.52,2752837.0,1.43,-20774.0,0.808,0.809,4324424448.0,3494134954,3494134954,2026-07-07,2026-07-07 16:11:37+08:00
589380,科创人工智能ETF富国,1.684,1.678,-0.36,-0.002,-0.12,53690.0,9151842.0,1.67,1.733,1.667,1.686,3.91,6.12,0.7,1.61,26446.0,27244.0,214833.0,2.35,1646542.0,17.99,-1431709.0,-15.64,739986.0,8.09,-954819.0,-10.43,-1.0,1.684,1.686,87694300.0,147677201,147677201,2026-07-07,2026-07-07 16:11:33+08:00
512800,银行ETF华宝,0.759,0.761,0.26,-0.001,-0.13,16069101.0,1214082957.0,0.759,0.763,0.751,0.76,1.58,11.06,1.1,-22.22,4939117.0,11129984.0,-50143043.0,-4.13,-85186800.0,-7.02,35043757.0,2.89,31950770.0,2.63,18192284.0,1.5,-25881.0,0.759,0.76,14532879872.0,11030455823,11030455823,2026-07-07,2026-07-07 16:11:52+08:00
159885,碳中和ETF鹏华,0.756,0.7539,-0.28,-0.001,-0.13,9144.0,695281.9,0.768,0.772,0.753,0.757,2.51,0.37,0.41,-30.25,4933.0,4211.0,-317139.0,-45.61,0.0,0.0,-317139.0,-45.61,278421.0,40.04,38718.0,5.57,-3.0,0.754,0.758,245467316.0,185573291,185573291,2026-07-07,2026-07-07 15:34:06+08:00
159152,港股通科技ETF平安,0.744,0.7453,0.17,-0.001,-0.13,840880.0,63490013.566,0.745,0.769,0.743,0.745,3.49,9.39,1.32,-63.86,420902.0,419977.0,1011274.0,1.59,107512.0,0.17,903762.0,1.42,-876444.0,-1.38,-134830.0,-0.21,1375.0,0.743,0.744,895556096.0,666293735,666293735,2026-07-07,2026-07-07 15:34:54+08:00
520570,恒生科技ETF南方,0.724,0.725,0.14,-0.001,-0.14,1812040.0,132891999.0,0.723,0.744,0.721,0.725,3.17,5.16,1.01,46.46,873521.0,938519.0,-769342.0,-0.58,3173739.0,2.39,-3943081.0,-2.97,79620.0,0.06,689722.0,0.52,-5838.0,0.724,0.725,3512876000.0,2543322224,2543322224,2026-07-07,2026-07-07 16:11:48+08:00
563560,科技成长ETF兴业,1.383,1.3848,0.13,-0.002,-0.14,48477.0,6742244.0,1.37,1.407,1.362,1.385,3.25,8.39,0.66,0.05,19866.0,28611.0,1836740.0,27.24,0.0,0.0,1836740.0,27.24,-1876810.0,-27.84,40069.0,0.59,-37.0,1.383,1.384,57769000.0,79894527,79894527,2026-07-07,2026-07-07 16:12:02+08:00
159101,港股通科技ETF华夏,0.707,0.7068,-0.03,-0.001,-0.14,4443684.0,318583614.157,0.707,0.73,0.704,0.708,3.67,14.08,1.28,-42.16,2151750.0,2291934.0,2488279.0,0.78,3139024.0,0.99,-650745.0,-0.2,-1281413.0,-0.4,-1206866.0,-0.38,1450.0,0.706,0.707,3155311456.0,2230805199,2230805199,2026-07-07,2026-07-07 15:34:24+08:00
513660,恒生ETF华夏,1.395,1.3999,0.35,-0.002,-0.14,2205565.0,309382780.0,1.4,1.414,1.391,1.397,1.65,10.0,3.36,3.45,1446216.0,759349.0,3839805.0,1.24,-26096888.0,-8.44,29936693.0,9.68,-3782642.0,-1.22,-57163.0,-0.02,-1112.0,1.394,1.395,2206000208.0,3077370290,3077370290,2026-07-07,2026-07-07 16:11:52+08:00
159125,港股通科技ETF招商,0.684,0.685,0.15,-0.001,-0.15,590003.0,40927421.4,0.682,0.707,0.682,0.685,3.65,6.36,1.03,-34.05,301027.0,288976.0,-165438.0,-0.4,142530.0,0.35,-307968.0,-0.75,146808.0,0.36,18631.0,0.05,416.0,0.683,0.684,928245888.0,634920187,634920187,2026-07-07,2026-07-07 15:34:24+08:00
159280,港股通互联网ETF汇添富,0.658,0.6603,0.35,-0.001,-0.15,172914.0,11581285.0,0.659,0.684,0.656,0.659,4.25,17.0,1.66,22.03,77469.0,95445.0,-476715.0,-4.12,-55238.0,-0.48,-421477.0,-3.64,381880.0,3.3,94835.0,0.82,-211.0,0.658,0.659,101717171.0,66929899,66929899,2026-07-07,2026-07-07 15:34:06+08:00
520920,恒生科技ETF天弘,0.67,0.6716,0.24,-0.001,-0.15,3639288.0,246875713.0,0.67,0.689,0.668,0.671,3.13,1.91,1.4,11.73,1811442.0,1827847.0,-2235390.0,-0.91,3331353.0,1.35,-5566743.0,-2.25,220553.0,0.09,2014837.0,0.82,-13771.0,0.67,0.671,19099019008.0,12796342735,12796342735,2026-07-07,2026-07-07 16:11:49+08:00
159811,5GETF博时,3.422,3.4003,-0.64,-0.005,-0.15,135970.0,46319526.9,3.413,3.471,3.332,3.427,4.06,17.27,0.85,4.17,51305.0,84665.0,-10666435.0,-23.03,-8730609.0,-18.85,-1935826.0,-4.18,-955577.0,-2.06,11622013.0,25.09,310.0,3.41,3.422,78743393.0,269459891,269459891,2026-07-07,2026-07-07 15:34:33+08:00
589600,科创综指ETF富国,1.849,1.8492,0.01,-0.003,-0.16,64375.0,11972741.0,1.844,1.879,1.818,1.852,3.29,2.91,0.84,-17.67,45010.0,19365.0,-1167697.0,-9.75,3690703.0,30.83,-4858400.0,-40.58,1159014.0,9.68,8682.0,0.07,-48.0,1.849,1.852,221535000.0,409618215,409618215,2026-07-07,2026-07-07 16:11:53+08:00
589860,科创综指ETF天弘,1.843,1.8427,-0.02,-0.003,-0.16,170609.0,31557635.0,1.848,1.88,1.812,1.846,3.68,10.52,0.82,32.89,107656.0,62953.0,-1047610.0,-3.32,0.0,0.0,-1047610.0,-3.32,611716.0,1.94,435894.0,1.38,-1322.0,1.843,1.848,162224000.0,298978832,298978832,2026-07-07,2026-07-07 16:11:50+08:00
588730,科创人工智能ETF易方达,1.756,1.7508,-0.3,-0.003,-0.17,1389293.0,247816715.0,1.748,1.811,1.737,1.759,4.21,21.93,1.15,2.01,588910.0,800383.0,10957183.0,4.42,1952927.0,0.79,9004256.0,3.63,-9003337.0,-3.63,-1953848.0,-0.79,-4299.0,1.755,1.756,633396304.0,1112243910,1112243910,2026-07-07,2026-07-07 16:11:44+08:00
513010,恒生科技ETF易方达,0.591,0.5917,0.12,-0.001,-0.17,19359001.0,1157099686.0,0.589,0.608,0.588,0.592,3.38,4.27,1.41,6.65,9647715.0,9711286.0,-5570951.0,-0.48,-903408.0,-0.08,-4667543.0,-0.4,3551448.0,0.31,2019504.0,0.17,-51179.0,0.59,0.591,45292306944.0,26767753404,26767753404,2026-07-07,2026-07-07 16:11:33+08:00
159601,A50ETF华夏,1.133,1.1312,-0.16,-0.002,-0.18,647114.0,73264471.562,1.131,1.137,1.122,1.135,1.32,4.97,0.96,-1.99,299679.0,347435.0,-1880104.0,-2.57,4079376.0,5.57,-5959480.0,-8.13,1019486.0,1.39,860617.0,1.17,2144.0,1.132,1.133,1302388080.0,1475605695,1475605695,2026-07-07,2026-07-07 15:34:03+08:00
513130,恒生科技ETF华泰柏瑞,0.565,0.5664,0.25,-0.001,-0.18,56675146.0,3237914364.0,0.563,0.581,0.562,0.566,3.36,8.88,1.12,-2.91,28487960.0,28187185.0,24718784.0,0.76,3345024.0,0.1,21373760.0,0.66,-21266526.0,-0.66,-3452237.0,-0.11,-531102.0,0.564,0.565,63792347136.0,36042676132,36042676132,2026-07-07,2026-07-07 16:11:57+08:00
513560,香港科技ETF兴银,1.083,1.0843,0.12,-0.002,-0.18,658154.0,72366806.0,1.085,1.114,1.08,1.085,3.13,11.91,1.54,-6.43,303924.0,354230.0,1686665.0,2.33,-2055167.0,-2.84,3741832.0,5.17,-763151.0,-1.05,-923514.0,-1.28,-1425.0,1.082,1.083,552386000.0,598234038,598234038,2026-07-07,2026-07-07 16:11:46+08:00
589110,科创人工智能ETF国泰,1.094,1.0897,-0.39,-0.002,-0.18,100108.0,11114330.0,1.096,1.125,1.084,1.096,3.74,2.03,0.68,-20.09,56566.0,43542.0,-677147.0,-6.09,0.0,0.0,-677147.0,-6.09,330991.0,2.98,346155.0,3.11,-114.0,1.093,1.094,492413008.0,538699831,538699831,2026-07-07,2026-07-07 16:11:52+08:00
159577,美国50ETF汇添富,1.582,1.5464,-2.3,-0.003,-0.19,784372.0,123820673.5,1.58,1.586,1.569,1.585,1.07,10.46,1.12,-56.1,442474.0,341898.0,-17344048.0,-14.01,-4608717.0,-3.72,-12735331.0,-10.29,17123793.0,13.83,220255.0,0.18,-1708.0,1.582,1.583,749665792.0,1185971283,1185971283,2026-07-07,2026-07-07 15:34:45+08:00
560670,银行ETF华泰柏瑞,0.975,0.9763,0.13,-0.002,-0.2,127460.0,12352088.0,0.979,0.979,0.965,0.977,1.43,15.27,0.89,-3.25,60664.0,66796.0,292756.0,2.37,0.0,0.0,292756.0,2.37,-193644.0,-1.57,-99113.0,-0.8,50.0,0.974,0.976,83474000.0,81387150,81387150,2026-07-07,2026-07-07 16:11:49+08:00
589230,科创人工智能ETF南方,1.02,1.016,-0.39,-0.002,-0.2,447223.0,46230278.0,1.012,1.049,1.005,1.022,4.31,20.94,1.03,-7.94,238911.0,208312.0,-1619903.0,-3.5,99746.0,0.22,-1719649.0,-3.72,1362365.0,2.95,257538.0,0.56,-228.0,1.018,1.02,213553000.0,217824060,217824060,2026-07-07,2026-07-07 16:11:49+08:00
159636,港股通科技30ETF工银,0.497,0.4997,0.54,-0.001,-0.2,46160840.0,2321989900.252,0.498,0.514,0.494,0.498,4.02,12.59,1.55,22.86,17434819.0,28726020.0,65219536.0,2.81,605836016.0,26.09,-540616480.0,-23.28,-63907376.0,-2.75,-1312144.0,-0.06,-25246.0,0.497,0.498,36674501120.0,18227227057,18227227057,2026-07-07,2026-07-07 15:34:51+08:00
589150,科创50ETF平安,1.448,1.4459,-0.15,-0.003,-0.21,114800.0,16712531.0,1.435,1.476,1.414,1.451,4.27,14.1,0.63,27.51,55260.0,59540.0,-1781782.0,-10.66,-1770341.0,-10.59,-11441.0,-0.07,909194.0,5.44,872587.0,5.22,-79.0,1.446,1.448,81437200.0,117921066,117921066,2026-07-07,2026-07-07 16:11:48+08:00
513160,港股科技ETF银华,0.933,0.9323,-0.08,-0.002,-0.21,4484738.0,423859268.0,0.93,0.964,0.929,0.935,3.74,13.17,1.22,-37.88,2147589.0,2337149.0,8005760.0,1.89,19153827.0,4.52,-11148067.0,-2.63,-12995566.0,-3.07,4989806.0,1.18,-10361.0,0.932,0.933,3404189296.0,3176108613,3176108613,2026-07-07,2026-07-07 16:11:40+08:00
517900,银行AH优选ETF招商,1.402,1.407,0.36,-0.003,-0.21,229224.0,32089176.0,1.402,1.41,1.394,1.405,1.14,4.78,1.07,-22.52,109120.0,120104.0,1795154.0,5.59,-512921.0,-1.6,2308075.0,7.19,-1568966.0,-4.89,-226188.0,-0.7,-100.0,1.401,1.402,479993504.0,672950893,672950893,2026-07-07,2026-07-07 16:12:00+08:00
563280,A50增强ETF富国,1.434,1.4347,0.05,-0.003,-0.21,26.0,3725.0,1.44,1.44,1.431,1.437,0.63,0.04,0.03,0.18,2.0,24.0,1289.0,34.6,0.0,0.0,1289.0,34.6,0.0,0.0,-1289.0,-34.6,1.0,1.432,1.439,6706600.0,9617264,9617264,2026-07-07,2026-07-07 16:11:45+08:00
588760,科创人工智能ETF广发,0.892,0.8896,-0.27,-0.002,-0.22,3692354.0,333796174.0,0.888,0.92,0.88,0.894,4.47,17.75,1.01,15.1,1585212.0,2107142.0,6914714.0,2.07,2554755.0,0.77,4359959.0,1.31,-6993890.0,-2.1,79176.0,0.02,-4232.0,0.891,0.892,2080532000.0,1855834544,1855834544,2026-07-07,2026-07-07 16:11:59+08:00
159298,创业板50ETF大成,1.38,1.375,-0.36,-0.003,-0.22,41136.0,5682285.1,1.375,1.4,1.36,1.383,2.89,3.13,0.63,-24.82,19621.0,21515.0,-919372.0,-16.18,50933.0,0.9,-970305.0,-17.08,317809.0,5.59,601563.0,10.59,427.0,1.379,1.38,131281082.0,181167893,181167893,2026-07-07,2026-07-07 15:34:27+08:00
520960,恒指港股通ETF嘉实,0.851,0.8545,0.41,-0.002,-0.23,33891.0,2902925.0,0.859,0.863,0.85,0.853,1.52,5.09,0.91,0.49,16033.0,17858.0,37114.0,1.28,0.0,0.0,37114.0,1.28,-32234.0,-1.11,-4880.0,-0.17,135.0,0.85,0.853,66603400.0,56679493,56679493,2026-07-07,2026-07-07 16:11:44+08:00
513360,教育ETF博时,0.44,0.44,0.0,-0.001,-0.23,1060006.0,46706395.0,0.437,0.445,0.436,0.441,2.04,15.99,0.91,-23.36,531196.0,528810.0,1973163.0,4.22,9505382.0,20.35,-7532219.0,-16.13,-1817645.0,-3.89,-155517.0,-0.33,-4508.0,0.439,0.44,662713904.0,291594118,291594118,2026-07-07,2026-07-07 16:11:46+08:00
515070,人工智能ETF华夏,1.278,1.2762,-0.14,-0.003,-0.23,1774932.0,228412810.0,1.267,1.309,1.26,1.281,3.83,2.4,1.26,1.04,821231.0,953701.0,-4587375.0,-2.01,2092987.0,0.92,-6680362.0,-2.92,-853264.0,-0.37,5440640.0,2.38,-5591.0,1.277,1.278,7404940288.0,9463513688,9463513688,2026-07-07,2026-07-07 16:11:51+08:00
159711,港股通50ETF华夏,1.237,1.243,0.48,-0.003,-0.24,414137.0,51610065.1,1.237,1.255,1.234,1.24,1.69,93.14,1.94,-3.94,257495.0,156642.0,4932894.0,9.56,-6967272.0,-13.5,11900166.0,23.06,-4248227.0,-8.23,-684667.0,-1.33,146.0,1.234,1.237,44465157.0,55003399,55003399,2026-07-07,2026-07-07 15:34:45+08:00
516620,影视ETF国泰,0.817,0.8148,-0.27,-0.002,-0.24,280824.0,23024936.0,0.816,0.833,0.807,0.819,3.17,17.1,1.14,-3.6,149402.0,131422.0,-916997.0,-3.98,611571.0,2.66,-1528568.0,-6.64,382804.0,1.66,534195.0,2.32,-3726.0,0.816,0.817,164267500.0,134206548,134206548,2026-07-07,2026-07-07 16:11:36+08:00
515050,通信ETF华夏,1.199,1.1985,-0.04,-0.003,-0.25,11604628.0,1387990188.0,1.184,1.218,1.166,1.202,4.33,6.5,0.68,16.62,5274275.0,6330353.0,-157371696.0,-11.34,-58638224.0,-4.22,-98733472.0,-7.11,88304691.0,6.36,69067013.0,4.98,-60578.0,1.199,1.2,17863205376.0,21417983246,21417983246,2026-07-07,2026-07-07 16:11:49+08:00
560280,工程机械ETF广发,1.599,1.5994,0.03,-0.004,-0.25,1232535.0,198558877.0,1.613,1.641,1.591,1.603,3.12,6.1,0.96,-35.12,402274.0,830261.0,5616922.0,2.83,16000582.0,8.06,-10383660.0,-5.23,-7697962.0,-3.88,2081040.0,1.05,-526.0,1.596,1.599,2021752000.0,3232781448,3232781448,2026-07-07,2026-07-07 16:11:44+08:00
159202,恒生互联网ETF万家,0.784,0.786,0.25,-0.002,-0.25,2318467.0,185082187.3,0.791,0.811,0.782,0.786,3.69,20.84,1.51,-20.07,1095156.0,1223311.0,-307013.0,-0.17,-5508779.0,-2.98,5201766.0,2.81,-1069526.0,-0.58,1376538.0,0.74,-1593.0,0.784,0.785,1112401904.0,872123093,872123093,2026-07-07,2026-07-07 15:34:09+08:00
589990,科创综指ETF华泰柏瑞,1.924,1.9152,-0.46,-0.005,-0.26,54944.0,10599852.0,1.91,1.951,1.9,1.929,2.64,5.18,0.95,-12.1,25606.0,29338.0,-1187975.0,-11.21,711561.0,6.71,-1899536.0,-17.92,828857.0,7.82,359117.0,3.39,-80.0,1.92,1.924,106090000.0,204117160,204117160,2026-07-07,2026-07-07 16:11:53+08:00
563000,中国A50ETF易方达,1.135,1.1362,0.11,-0.003,-0.26,193377.0,21962701.0,1.139,1.141,1.126,1.138,1.32,1.21,0.88,16.8,103474.0,89903.0,-2512086.0,-11.44,896251.0,4.08,-3408337.0,-15.52,2075154.0,9.45,436931.0,1.99,1023.0,1.134,1.135,1603451104.0,1819917003,1819917003,2026-07-07,2026-07-07 16:11:41+08:00
520860,港股通科技ETF富国,0.755,0.7556,0.08,-0.002,-0.26,411862.0,31523322.0,0.755,0.777,0.753,0.757,3.17,12.07,1.39,4.56,206909.0,204953.0,418930.0,1.33,917311.0,2.91,-498381.0,-1.58,-349031.0,-1.11,-69898.0,-0.22,-3.0,0.755,0.756,341195008.0,257602231,257602231,2026-07-07,2026-07-07 16:11:52+08:00
159850,恒生国企ETF华夏,0.756,0.7586,0.34,-0.002,-0.26,117635.0,8951730.3,0.759,0.769,0.754,0.758,1.98,2.11,0.78,-55.96,54639.0,62996.0,575526.0,6.43,457375.0,5.11,118151.0,1.32,-471634.0,-5.27,-103892.0,-1.16,140.0,0.755,0.756,556706496.0,420870111,420870111,2026-07-07,2026-07-07 15:34:51+08:00
589660,科创综指ETF南方,1.87,1.8629,-0.38,-0.005,-0.27,287792.0,54114072.0,1.865,1.902,1.832,1.875,3.73,11.72,1.07,-5.5,108748.0,179044.0,-294359.0,-0.54,515688.0,0.95,-810047.0,-1.5,206461.0,0.38,87898.0,0.16,13.0,1.866,1.871,245530000.0,459141100,459141100,2026-07-07,2026-07-07 16:11:59+08:00
589630,科创综指ETF国泰,1.851,1.8498,-0.06,-0.005,-0.27,192984.0,35789562.0,1.834,1.883,1.823,1.856,3.23,12.32,1.4,15.1,84589.0,108395.0,-130232.0,-0.36,-1949052.0,-5.45,1818820.0,5.08,198806.0,0.56,-68575.0,-0.19,-400.0,1.849,1.851,156629000.0,289920279,289920279,2026-07-07,2026-07-07 16:11:48+08:00
513330,恒生互联网ETF华夏,0.365,0.3659,0.25,-0.001,-0.27,83397797.0,3091636733.0,0.365,0.378,0.363,0.366,4.1,11.63,1.39,-9.44,41479365.0,41918432.0,11735664.0,0.38,42483008.0,1.37,-30747344.0,-0.99,-8066130.0,-0.26,-3669543.0,-0.12,-651067.0,0.364,0.365,71709478912.0,26173959803,26173959803,2026-07-07,2026-07-07 16:12:02+08:00
513260,恒生科技ETF汇添富,1.102,1.1037,0.15,-0.003,-0.27,3911915.0,436604809.0,1.099,1.134,1.097,1.105,3.35,7.52,1.34,-20.83,1882323.0,2029592.0,6379264.0,1.46,23504336.0,5.38,-17125072.0,-3.92,-6813870.0,-1.56,434604.0,0.1,-5624.0,1.101,1.102,5200242944.0,5730667724,5730667724,2026-07-07,2026-07-07 16:11:53+08:00
159855,影视ETF银华,0.727,0.7268,-0.03,-0.002,-0.27,151183.0,11048852.2,0.729,0.743,0.72,0.729,3.16,8.5,1.13,-18.1,70333.0,80850.0,-166768.0,-1.51,-1413668.0,-12.79,1246900.0,11.29,-102638.0,-0.93,269407.0,2.44,127.0,0.726,0.727,177925236.0,129351647,129351647,2026-07-07,2026-07-07 15:34:24+08:00
159995,芯片ETF华夏,1.501,1.4927,-0.56,-0.004,-0.27,9169973.0,1377393059.107,1.474,1.53,1.464,1.505,4.39,4.1,1.48,-14.03,3522774.0,5647199.0,17246144.0,1.25,20032640.0,1.45,-2786496.0,-0.2,-48947985.0,-3.55,31701835.0,2.3,67913.0,1.5,1.501,22391126016.0,33609080150,33609080150,2026-07-07,2026-07-07 15:34:18+08:00
512930,AI人工智能ETF平安,0.717,0.7177,0.1,-0.002,-0.28,2994229.0,216264703.0,0.717,0.735,0.708,0.719,3.76,6.64,0.8,-6.15,1704672.0,1289557.0,-4090470.0,-1.89,-27874595.0,-12.89,23784125.0,11.0,602721.0,0.28,3487750.0,1.61,-7482.0,0.717,0.718,4508521216.0,3232609712,3232609712,2026-07-07,2026-07-07 16:12:02+08:00
588390,科创创业ETF博时,1.428,1.422,-0.42,-0.004,-0.28,75896.0,10883206.0,1.432,1.451,1.398,1.432,3.7,5.17,0.93,11.22,43471.0,32425.0,-746872.0,-6.86,3685896.0,33.87,-4432768.0,-40.73,719675.0,6.61,27197.0,0.25,-1467.0,1.427,1.428,146935900.0,209824465,209824465,2026-07-07,2026-07-07 16:12:02+08:00
589520,科创人工智能ETF华宝,0.713,0.7109,-0.3,-0.002,-0.28,593905.0,42802966.0,0.71,0.734,0.703,0.715,4.34,9.04,0.76,26.38,309958.0,283947.0,3047054.0,7.12,1721702.0,4.02,1325352.0,3.1,-2591100.0,-6.05,-455955.0,-1.07,-665.0,0.712,0.713,657104608.0,468515586,468515586,2026-07-07,2026-07-07 16:11:36+08:00
560560,碳中和ETF泰康,0.712,0.7101,-0.27,-0.002,-0.28,5081.0,360736.0,0.714,0.725,0.707,0.714,2.52,0.68,0.18,3.59,1481.0,3600.0,13503.0,3.74,0.0,0.0,13503.0,3.74,-14049.0,-3.89,545.0,0.15,100.0,0.709,0.711,74190100.0,52823351,52823351,2026-07-07,2026-07-07 16:12:02+08:00
510060,央企ETF工银,2.523,2.5229,0.0,-0.007,-0.28,1838.0,462375.0,2.53,2.53,2.512,2.53,0.71,0.51,0.49,2.56,1761.0,77.0,-63799.0,-13.8,0.0,0.0,-63799.0,-13.8,50460.0,10.91,13340.0,2.89,200.0,2.514,2.526,35959200.0,90725062,90725062,2026-07-07,2026-07-07 16:11:41+08:00
159542,工程机械ETF大成,1.408,1.4075,-0.04,-0.004,-0.28,66372.0,9415237.0,1.415,1.443,1.404,1.412,2.76,33.88,1.61,6.34,32246.0,34126.0,497517.0,5.28,586171.0,6.23,-88654.0,-0.94,589592.0,6.26,-1087109.0,-11.55,8.0,1.407,1.409,19592850.0,27586733,27586733,2026-07-07,2026-07-07 15:34:30+08:00
159128,港股科技ETF天弘,0.691,0.6934,0.35,-0.002,-0.29,2411330.0,168796794.863,0.696,0.716,0.688,0.693,4.04,11.76,2.4,-18.87,1284253.0,1127078.0,199580.0,0.12,-13316356.0,-7.89,13515936.0,8.01,-72931.0,-0.04,-126648.0,-0.08,646.0,0.69,0.691,2049760848.0,1416384746,1416384746,2026-07-07,2026-07-07 15:34:48+08:00
561100,消费电子ETF富国,1.968,1.9683,0.02,-0.006,-0.3,428880.0,84847880.0,1.941,2.009,1.933,1.974,3.85,6.39,0.82,-60.48,194303.0,234577.0,17822529.0,21.01,12632145.0,14.89,5190384.0,6.12,-20246001.0,-23.86,2423472.0,2.86,-846.0,1.968,1.97,670746896.0,1320029891,1320029891,2026-07-07,2026-07-07 16:11:41+08:00
159325,半导体ETF南方,2.658,2.6459,-0.46,-0.008,-0.3,990203.0,263849235.885,2.6,2.715,2.594,2.666,4.54,17.42,1.01,83.49,416486.0,573717.0,71261286.0,27.01,66596465.0,25.24,4664821.0,1.77,-45272355.0,-17.16,-25988931.0,-9.85,-4552.0,2.658,2.659,568460528.0,1510968083,1510968083,2026-07-07,2026-07-07 15:34:06+08:00
159576,深证100ETF广发,1.677,1.6684,-0.52,-0.005,-0.3,194951.0,32716516.1,1.682,1.698,1.653,1.682,2.68,56.49,3.11,-88.76,74084.0,120867.0,-4957999.0,-15.15,1080250.0,3.3,-6038249.0,-18.46,-1545470.0,-4.72,6503469.0,19.88,-4.0,1.677,1.678,34509612.0,57872619,57872619,2026-07-07,2026-07-07 15:34:33+08:00
589010,科创人工智能ETF华夏,1.662,1.6655,0.21,-0.005,-0.3,1422248.0,239610477.0,1.662,1.713,1.643,1.667,4.2,15.7,1.25,50.98,620750.0,801498.0,1272304.0,0.53,-532269.0,-0.22,1804573.0,0.75,-1597901.0,-0.67,325597.0,0.14,-3006.0,1.662,1.664,905793008.0,1505427979,1505427979,2026-07-07,2026-07-07 16:11:54+08:00
159782,双创50ETF银华,1.31,1.3077,-0.18,-0.004,-0.3,236575.0,31083446.233,1.295,1.332,1.292,1.314,3.04,4.48,0.62,7.81,115079.0,121496.0,1419993.0,4.57,5697525.0,18.33,-4277532.0,-13.76,-2139353.0,-6.88,719360.0,2.31,2132.0,1.309,1.31,528190272.0,691929256,691929256,2026-07-07,2026-07-07 15:34:24+08:00
159177,工程机械ETF鹏华,0.997,0.9965,-0.05,-0.003,-0.3,169013.0,16951014.174,0.994,1.024,0.994,1.0,3.0,31.52,1.14,-41.21,93365.0,75648.0,-139621.0,-0.82,0.0,0.0,-139621.0,-0.82,158718.0,0.94,-19098.0,-0.11,10.0,0.994,0.997,53619279.0,53458421,53458421,2026-07-07,2026-07-07 15:34:06+08:00
159248,人工智能ETF万家,1.993,1.9955,0.13,-0.006,-0.3,87403.0,17552269.7,1.98,2.043,1.97,1.999,3.65,7.59,0.58,-44.47,43345.0,44058.0,139972.0,0.8,821200.0,4.68,-681228.0,-3.88,-639996.0,-3.65,500025.0,2.85,-177.0,1.993,1.994,115095652.0,229385634,229385634,2026-07-07,2026-07-07 15:34:45+08:00
517080,沪港深500ETF汇添富,0.992,0.9923,0.03,-0.003,-0.3,3062.0,304454.0,0.994,1.0,0.986,0.995,1.41,0.17,0.59,-11.36,1693.0,1369.0,268823.0,88.3,0.0,0.0,268823.0,88.3,-216467.0,-71.1,-52356.0,-17.2,-440.0,0.99,0.994,185166000.0,183684672,183684672,2026-07-07,2026-07-07 16:11:43+08:00
159819,人工智能ETF易方达,2.015,2.0188,0.19,-0.006,-0.3,3097738.0,629528489.712,2.015,2.071,1.992,2.021,3.91,2.78,0.66,-55.87,1385414.0,1712324.0,-5512589.0,-0.88,1750227.0,0.28,-7262816.0,-1.15,5910697.0,0.94,-398108.0,-0.06,-25785.0,2.015,2.016,11135229696.0,22437487837,22437487837,2026-07-07,2026-07-07 15:34:45+08:00
159560,芯片ETF景顺,2.923,2.9275,0.15,-0.009,-0.31,110384.0,32315777.2,2.872,2.989,2.844,2.932,4.95,6.4,0.64,58.25,48381.0,62003.0,-133879.0,-0.41,-832994.0,-2.58,699115.0,2.16,48532.0,0.15,85346.0,0.26,-215.0,2.923,2.924,172416460.0,503973313,503973313,2026-07-07,2026-07-07 15:34:42+08:00
563690,红利低波ETF永赢,0.957,0.9564,-0.06,-0.003,-0.31,12566.0,1198424.0,0.962,0.965,0.949,0.96,1.67,3.32,0.68,2.22,11426.0,1140.0,-20076.0,-1.68,-466030.0,-38.89,445954.0,37.21,-4710.0,-0.39,24787.0,2.07,200.0,0.954,0.958,37882000.0,36253074,36253074,2026-07-07,2026-07-07 16:11:57+08:00
513140,港股通金融ETF华泰柏瑞,1.566,1.5734,0.47,-0.005,-0.32,553302.0,86748231.0,1.571,1.58,1.561,1.571,1.21,66.37,1.07,23.02,273317.0,279985.0,2032351.0,2.34,3024722.0,3.49,-992371.0,-1.14,-1086378.0,-1.25,-945973.0,-1.09,-33.0,1.565,1.566,83368000.0,130554288,130554288,2026-07-07,2026-07-07 16:11:53+08:00
513020,港股科技ETF国泰,0.908,0.9106,0.29,-0.003,-0.33,2162884.0,199610172.0,0.909,0.937,0.904,0.911,3.62,8.2,1.2,-12.12,970307.0,1192577.0,2637539.0,1.32,13950936.0,6.99,-11313397.0,-5.67,-2362131.0,-1.18,-275408.0,-0.14,-3799.0,0.907,0.908,2638145408.0,2395436030,2395436030,2026-07-07,2026-07-07 16:11:40+08:00
560820,中证A50ETF新华,1.213,1.2081,-0.41,-0.004,-0.33,277.0,33576.0,1.211,1.213,1.205,1.217,0.66,0.07,0.25,96.99,40.0,237.0,22177.0,66.05,0.0,0.0,22177.0,66.05,0.0,0.0,-22177.0,-66.05,10.0,1.207,1.217,40926000.0,49643238,49643238,2026-07-07,2026-07-07 16:12:02+08:00
561030,工程机械ETF华泰柏瑞,0.92,0.9212,0.13,-0.003,-0.33,115791.0,10737845.0,0.927,0.943,0.913,0.923,3.25,5.63,1.04,-7.95,61285.0,54506.0,1149530.0,10.71,378002.0,3.52,771528.0,7.19,-1057836.0,-9.85,-91695.0,-0.85,-2.0,0.919,0.922,205550000.0,189106000,189106000,2026-07-07,2026-07-07 16:11:57+08:00
589890,科创综指ETF景顺,1.84,1.8353,-0.26,-0.006,-0.33,32047.0,5948468.0,1.832,1.876,1.824,1.846,2.82,4.01,0.41,-8.72,15219.0,16828.0,-182879.0,-3.07,0.0,0.0,-182879.0,-3.07,-24413.0,-0.41,207292.0,3.48,-1092.0,1.84,1.843,79987000.0,147176080,147176080,2026-07-07,2026-07-07 16:11:50+08:00
518600,金ETF广发,8.959,8.9568,-0.02,-0.031,-0.34,100303.0,89822915.0,8.957,8.983,8.925,8.99,0.65,1.3,0.3,-33.5,46427.0,53876.0,6167542.0,6.87,3340565.0,3.72,2826977.0,3.15,-4509527.0,-5.02,-1658015.0,-1.85,-329.0,8.958,8.959,774316304.0,6937099768,6937099768,2026-07-07,2026-07-07 16:11:42+08:00
513300,纳斯达克ETF华夏,2.668,2.5124,-6.19,-0.009,-0.34,1764465.0,471175625.0,2.672,2.683,2.655,2.677,1.05,3.39,1.23,-6.49,855059.0,909406.0,13822161.0,2.93,-44624533.0,-9.47,58446694.0,12.4,-18219644.0,-3.87,4397489.0,0.93,-12226.0,2.667,2.668,5198171136.0,13868720591,13868720591,2026-07-07,2026-07-07 16:11:33+08:00
520770,恒指港股通ETF建信,0.873,0.8735,0.06,-0.003,-0.34,59716.0,5225646.0,0.883,0.885,0.871,0.876,1.6,2.85,0.66,3.1,19360.0,40356.0,170026.0,3.25,-262310.0,-5.02,432336.0,8.27,-176577.0,-3.38,6552.0,0.13,-3500.0,0.871,0.877,209373800.0,182783327,182783327,2026-07-07,2026-07-07 16:11:52+08:00
513980,港股科技ETF景顺,0.578,0.5836,0.96,-0.002,-0.34,7982152.0,466515770.0,0.578,0.595,0.576,0.58,3.28,3.5,0.85,-46.51,3677600.0,4304552.0,1326652.0,0.28,8076352.0,1.73,-6749700.0,-1.45,-1322084.0,-0.28,-4570.0,0.0,-7262.0,0.578,0.579,22814203904.0,13186609857,13186609857,2026-07-07,2026-07-07 16:11:43+08:00
159660,纳指ETF汇添富,2.328,2.2029,-5.68,-0.008,-0.34,695279.0,161598248.576,2.334,2.334,2.313,2.336,0.9,3.16,1.12,-34.28,349605.0,345673.0,-6330270.0,-3.92,-9550200.0,-5.91,3219930.0,1.99,1861286.0,1.15,4468985.0,2.77,4790.0,2.327,2.328,2203151360.0,5128936366,5128936366,2026-07-07,2026-07-07 15:34:06+08:00
515970,工程机械ETF华夏,0.886,0.8866,0.07,-0.003,-0.34,1219595.0,108960016.0,0.883,0.908,0.883,0.889,2.81,13.52,1.02,-1.75,605794.0,613801.0,-16742203.0,-15.37,-13366456.0,-12.27,-3375747.0,-3.1,16536092.0,15.18,206111.0,0.19,-100.0,0.885,0.886,902088000.0,799249968,799249968,2026-07-07,2026-07-07 16:12:00+08:00
513730,东南亚科技ETF华泰柏瑞,1.158,1.1647,0.58,-0.004,-0.34,346623.0,40047194.0,1.161,1.163,1.15,1.162,1.12,4.02,1.22,27.69,191354.0,155269.0,-8865558.0,-22.14,-2935010.0,-7.33,-5930548.0,-14.81,6130329.0,15.31,2735229.0,6.83,-44.0,1.158,1.16,862355008.0,998607099,998607099,2026-07-07,2026-07-07 16:11:50+08:00
588880,科创100ETF华泰柏瑞,2.035,2.0311,-0.19,-0.007,-0.34,73772.0,15027695.0,2.059,2.063,1.999,2.042,3.13,7.42,0.94,-0.47,32620.0,41152.0,-1819471.0,-12.11,2052629.0,13.66,-3872100.0,-25.77,1852856.0,12.33,-33386.0,-0.22,-60.0,2.031,2.035,99368000.0,202213880,202213880,2026-07-07,2026-07-07 16:12:00+08:00
588350,科创创业50ETF鹏扬,2.034,2.0258,-0.4,-0.007,-0.34,33216.0,6807287.0,2.041,2.1,2.012,2.041,4.31,0.52,0.6,-11.86,24012.0,9204.0,395642.0,5.81,1678032.0,24.65,-1282390.0,-18.84,-530354.0,-7.79,134711.0,1.98,-274.0,2.032,2.034,644546000.0,1311006564,1311006564,2026-07-07,2026-07-07 16:11:59+08:00
588220,科创100ETF鹏华,2.066,2.0598,-0.3,-0.007,-0.34,4270312.0,877894840.0,2.033,2.094,2.026,2.073,3.28,13.4,1.49,47.42,2245268.0,2025044.0,-84030495.0,-9.57,-179261023.0,-20.42,95230528.0,10.85,71726291.0,8.17,12304195.0,1.4,-11705.0,2.066,2.067,3186697904.0,6583717870,6583717870,2026-07-07,2026-07-07 16:11:34+08:00
513860,港股通科技ETF海富通,0.581,0.5848,0.65,-0.002,-0.34,2914115.0,171536787.0,0.582,0.598,0.579,0.583,3.26,7.07,1.03,27.79,1397263.0,1516852.0,-3641861.0,-2.12,-6871571.0,-4.01,3229710.0,1.88,3806337.0,2.22,-164476.0,-0.1,-1674.0,0.58,0.581,4121470608.0,2394574423,2394574423,2026-07-07,2026-07-07 16:11:37+08:00
159742,恒生科技ETF博时,0.579,0.5816,0.45,-0.002,-0.34,3768149.0,221403805.2,0.579,0.597,0.578,0.581,3.27,5.4,1.49,-11.66,1818366.0,1949783.0,-645785.0,-0.29,2486721.0,1.12,-3132506.0,-1.41,194898.0,0.09,450886.0,0.2,-8075.0,0.579,0.58,6973928192.0,4037904423,4037904423,2026-07-07,2026-07-07 15:34:00+08:00
159191,港股通科技ETF易方达,0.875,0.8771,0.24,-0.003,-0.34,127097.0,11310951.5,0.876,0.907,0.872,0.878,3.99,16.7,1.32,5.7,60134.0,66963.0,229703.0,2.03,-2243748.0,-19.84,2473451.0,21.87,-33500.0,-0.3,-196203.0,-1.73,132.0,0.872,0.875,76104851.0,66591745,66591745,2026-07-07,2026-07-07 15:34:12+08:00
159741,恒生科技ETF嘉实,0.567,0.5689,0.33,-0.002,-0.35,2696780.0,155000115.1,0.568,0.584,0.565,0.569,3.34,16.33,1.49,-27.25,1341846.0,1354934.0,710261.0,0.46,2659831.0,1.72,-1949570.0,-1.26,-603990.0,-0.39,-106271.0,-0.07,-6330.0,0.567,0.568,1651796720.0,936568740,936568740,2026-07-07,2026-07-07 15:34:57+08:00
513180,恒生科技ETF华夏,0.572,0.5735,0.26,-0.002,-0.35,67165038.0,3891771500.0,0.57,0.589,0.57,0.574,3.31,9.3,1.4,1.57,33634902.0,33530136.0,-10349120.0,-0.27,-52434576.0,-1.35,42085456.0,1.08,5234935.0,0.13,5114185.0,0.13,-346843.0,0.571,0.572,72241758208.0,41322285695,41322285695,2026-07-07,2026-07-07 16:11:35+08:00
588910,科创价值ETF建信,1.685,1.6858,0.05,-0.006,-0.35,99824.0,16829396.0,1.675,1.703,1.665,1.691,2.25,9.69,0.8,-7.85,40834.0,58990.0,1458123.0,8.66,0.0,0.0,1458123.0,8.66,-906291.0,-5.39,-551833.0,-3.28,-11.0,1.685,1.687,103049100.0,173637734,173637734,2026-07-07,2026-07-07 16:11:56+08:00
516800,智能制造ETF华宝,1.139,1.143,0.35,-0.004,-0.35,152678.0,17475416.0,1.12,1.162,1.12,1.143,3.67,8.19,0.84,16.74,64332.0,88346.0,2705956.0,15.48,3304974.0,18.91,-599018.0,-3.43,-2784236.0,-15.93,78280.0,0.45,-200.0,1.139,1.14,186308000.0,212204812,212204812,2026-07-07,2026-07-07 16:11:41+08:00
513210,恒生ETF易方达,1.402,1.4075,0.39,-0.005,-0.36,96330.0,13579964.0,1.408,1.422,1.4,1.407,1.56,21.43,0.87,-22.94,44428.0,51902.0,1085813.0,8.0,141199.0,1.04,944614.0,6.96,-1204242.0,-8.87,118428.0,0.87,-1797.0,1.401,1.402,44942000.0,63008684,63008684,2026-07-07,2026-07-07 16:11:59+08:00
159602,中国A50ETF南方,1.092,1.0936,0.15,-0.004,-0.36,78404.0,8584495.298,1.086,1.1,1.085,1.096,1.37,1.88,0.89,-32.63,39961.0,38443.0,155667.0,1.81,87708.0,1.02,67959.0,0.79,-199088.0,-2.32,43421.0,0.51,-1500.0,1.092,1.095,416542944.0,454864895,454864895,2026-07-07,2026-07-07 15:34:36+08:00
159519,港股国企ETF国泰,1.645,1.6466,0.1,-0.006,-0.36,362379.0,59479236.9,1.642,1.653,1.632,1.651,1.27,55.62,0.7,-80.7,171777.0,190602.0,1513068.0,2.54,174297.0,0.29,1338771.0,2.25,-730962.0,-1.23,-782107.0,-1.31,111.0,1.642,1.645,65157854.0,107184670,107184670,2026-07-07,2026-07-07 15:34:03+08:00
159262,港股通科技ETF广发,0.831,0.8345,0.42,-0.003,-0.36,13514958.0,1132028072.208,0.829,0.861,0.827,0.834,4.08,18.23,2.01,16.18,6079578.0,7435380.0,257381003.0,22.74,455331867.0,40.22,-197950864.0,-17.49,-223181561.0,-19.72,-34199446.0,-3.02,6897.0,0.83,0.831,7412720384.0,6159970639,6159970639,2026-07-07,2026-07-07 15:34:09+08:00
518860,上海金ETF建信,8.617,8.6123,-0.05,-0.031,-0.36,15207.0,13099365.0,8.642,8.642,8.58,8.648,0.72,0.32,0.35,-3.45,7381.0,7826.0,128266.0,0.98,0.0,0.0,128266.0,0.98,52496.0,0.4,-180762.0,-1.38,-3.0,8.617,8.62,473559808.0,4080664866,4080664866,2026-07-07,2026-07-07 16:11:47+08:00
159632,纳斯达克ETF华安,2.413,2.289,-5.42,-0.009,-0.37,1862919.0,448677288.7,2.416,2.423,2.397,2.422,1.07,3.85,1.33,34.07,921828.0,941091.0,-27099683.0,-6.04,-20786285.0,-4.63,-6313398.0,-1.41,14654379.0,3.27,12445303.0,2.77,-7852.0,2.413,2.414,4841720576.0,11683071750,11683071750,2026-07-07,2026-07-07 15:34:57+08:00
562950,消费电子ETF易方达,1.893,1.8952,0.12,-0.007,-0.37,789827.0,150291353.0,1.857,1.934,1.857,1.9,4.05,6.77,0.81,-8.07,351941.0,437886.0,3699267.0,2.46,18416281.0,12.25,-14717014.0,-9.79,-1855546.0,-1.23,-1843721.0,-1.23,-5926.0,1.892,1.893,1166258304.0,2207726969,2207726969,2026-07-07,2026-07-07 16:11:47+08:00
589050,科创综指ETF兴业,1.617,1.6169,-0.01,-0.006,-0.37,26616.0,4330078.0,1.635,1.646,1.592,1.623,3.33,5.22,0.27,2.17,10667.0,15949.0,77017.0,1.78,0.0,0.0,77017.0,1.78,-27099.0,-0.63,-49918.0,-1.15,7.0,1.612,1.617,50968000.0,82415256,82415256,2026-07-07,2026-07-07 16:11:50+08:00
159781,科创创业ETF易方达,1.311,1.3046,-0.49,-0.005,-0.38,5138650.0,675440280.606,1.297,1.334,1.292,1.316,3.19,4.11,0.75,19.67,2516599.0,2622050.0,14408664.0,2.13,17128981.0,2.54,-2720317.0,-0.4,-17707422.0,-2.62,3298759.0,0.49,22502.0,1.31,1.311,12508860416.0,16399116005,16399116005,2026-07-07,2026-07-07 15:34:21+08:00
513380,恒生科技ETF广发,0.519,0.5207,0.33,-0.002,-0.38,6377375.0,335716236.0,0.519,0.535,0.518,0.521,3.26,3.36,1.33,9.26,3186960.0,3190415.0,2070843.0,0.62,6203503.0,1.85,-4132660.0,-1.23,-2529459.0,-0.75,458615.0,0.14,-3036.0,0.519,0.52,18968784896.0,9844799361,9844799361,2026-07-07,2026-07-07 16:11:49+08:00
518800,黄金ETF国泰,9.014,9.0115,-0.03,-0.035,-0.39,639752.0,576426591.0,9.03,9.038,8.98,9.049,0.64,1.79,1.33,-43.01,264952.0,374800.0,54002583.0,9.37,6745271.0,1.17,47257312.0,8.2,-45890172.0,-7.96,-8112400.0,-1.41,-54.0,9.014,9.015,3565279200.0,32137426709,32137426709,2026-07-07,2026-07-07 16:12:01+08:00
518880,黄金ETF华安,8.597,8.5936,-0.04,-0.034,-0.39,2238577.0,1924146850.0,8.59,8.62,8.564,8.631,0.65,2.16,0.55,26.34,1062342.0,1176235.0,58394560.0,3.03,27226928.0,1.42,31167632.0,1.62,-56509376.0,-2.94,-1885178.0,-0.1,-10454.0,8.596,8.597,10384240896.0,89273318983,89273318983,2026-07-07,2026-07-07 16:11:39+08:00
520590,恒生科技ETF鹏华,0.774,0.7765,0.32,-0.003,-0.39,228311.0,17904699.0,0.778,0.798,0.773,0.777,3.22,10.37,1.24,35.56,126683.0,101628.0,-510784.0,-2.85,-1223654.0,-6.83,712870.0,3.98,605505.0,3.38,-94721.0,-0.53,-200.0,0.774,0.776,220235000.0,170461890,170461890,2026-07-07,2026-07-07 16:11:40+08:00
520530,港股通科技ETF东财,0.776,0.7793,0.42,-0.003,-0.39,484789.0,38216491.0,0.78,0.801,0.776,0.779,3.21,18.73,1.33,-2.14,230858.0,253931.0,469780.0,1.23,189645.0,0.5,280135.0,0.73,-1400334.0,-3.66,930556.0,2.43,-3523.0,0.776,0.777,258776000.0,200810176,200810176,2026-07-07,2026-07-07 16:11:46+08:00
159550,互联网ETF东财,0.773,0.768,-0.65,-0.003,-0.39,53281.0,4164267.0,0.767,0.792,0.767,0.776,3.22,2.93,0.81,74.56,24339.0,28942.0,110912.0,2.66,0.0,0.0,110912.0,2.66,105099.0,2.52,-216011.0,-5.19,-189.0,0.773,0.774,181828785.0,140553651,140553651,2026-07-07,2026-07-07 15:34:24+08:00
159603,科创创业ETF天弘,2.036,2.019,-0.84,-0.008,-0.39,38980.0,7938779.12,2.047,2.062,2.002,2.044,2.94,0.16,0.5,80.64,16118.0,22862.0,1341252.0,16.89,718188.0,9.05,623064.0,7.85,-1672859.0,-21.07,331606.0,4.18,-391.0,2.036,2.04,2380071920.0,4845826429,4845826429,2026-07-07,2026-07-07 15:34:57+08:00
561600,消费电子ETF平安,1.809,1.8098,0.04,-0.007,-0.39,211335.0,38471376.0,1.786,1.848,1.781,1.816,3.69,12.27,0.56,61.49,110499.0,100836.0,2640639.0,6.86,66585.0,0.17,2574054.0,6.69,437711.0,1.14,-3078349.0,-8.0,-137.0,1.808,1.809,172274000.0,311643666,311643666,2026-07-07,2026-07-07 16:12:00+08:00
159688,恒生互联网ETF华安,0.742,0.7447,0.36,-0.003,-0.4,2024848.0,152632667.176,0.741,0.768,0.739,0.745,3.89,14.51,1.26,34.12,940497.0,1084351.0,2911208.0,1.91,6389561.0,4.19,-3478353.0,-2.28,-2822681.0,-1.85,-88527.0,-0.06,-9390.0,0.742,0.743,1395278480.0,1035296632,1035296632,2026-07-07,2026-07-07 15:34:54+08:00
588460,科创50增强ETF鹏华,2.481,2.4778,-0.13,-0.01,-0.4,299350.0,74673717.0,2.427,2.528,2.426,2.491,4.09,5.31,0.57,-46.67,157537.0,141813.0,-4825822.0,-6.46,0.0,0.0,-4825822.0,-6.46,-302837.0,-0.41,5128658.0,6.87,-1325.0,2.48,2.481,564014000.0,1399318734,1399318734,2026-07-07,2026-07-07 16:11:43+08:00
512530,沪深300红利ETF建信,1.504,1.5027,-0.09,-0.006,-0.4,67083.0,10060410.0,1.512,1.514,1.492,1.51,1.46,6.54,1.27,-28.38,34458.0,32625.0,-1109051.0,-11.02,0.0,0.0,-1109051.0,-11.02,-437767.0,-4.35,1546817.0,15.38,-150.0,1.504,1.506,102502000.0,154163008,154163008,2026-07-07,2026-07-07 16:11:39+08:00
159065,工程机械ETF景顺,0.98,0.9804,0.04,-0.004,-0.41,153673.0,15292407.204,0.976,1.005,0.976,0.984,2.95,11.19,1.05,-29.92,64941.0,88731.0,1073389.0,7.02,5496578.0,35.94,-4423189.0,-28.92,-1105583.0,-7.23,32195.0,0.21,111.0,0.979,0.98,137350818.0,134603802,134603802,2026-07-07,2026-07-07 15:34:09+08:00
159934,黄金ETF易方达,8.98,8.9829,0.03,-0.037,-0.41,479640.0,430634426.205,8.989,9.007,8.949,9.017,0.64,1.28,0.46,-48.27,232598.0,247042.0,6353663.0,1.48,3510370.0,0.82,2843293.0,0.66,-8200418.0,-1.9,1846755.0,0.43,437.0,8.979,8.98,3759008992.0,33755900748,33755900748,2026-07-07,2026-07-07 15:34:06+08:00
518850,黄金ETF华夏,8.678,8.6769,-0.01,-0.036,-0.41,215058.0,186607447.0,8.683,8.703,8.647,8.714,0.64,1.26,0.42,8.78,104593.0,110465.0,3265864.0,1.75,-5631368.0,-3.02,8897232.0,4.77,-3066551.0,-1.64,-199313.0,-0.11,-697.0,8.678,8.679,1700778704.0,14759357593,14759357593,2026-07-07,2026-07-07 16:11:36+08:00
512760,芯片ETF国泰,1.406,1.4054,-0.04,-0.006,-0.42,4593499.0,649492381.0,1.381,1.441,1.37,1.412,5.03,5.03,0.71,41.36,2369814.0,2223685.0,32906554.0,5.07,35158810.0,5.41,-2252256.0,-0.35,-27901071.0,-4.3,-5005478.0,-0.77,-23991.0,1.405,1.406,9125445632.0,12830376559,12830376559,2026-07-07,2026-07-07 16:11:52+08:00
159937,黄金ETF博时,8.575,8.576,0.01,-0.036,-0.42,516639.0,442891567.0,8.569,8.599,8.544,8.611,0.64,1.1,0.65,-21.44,256172.0,260467.0,12267218.0,2.77,-4961970.0,-1.12,17229188.0,3.89,-13955820.0,-3.15,1688604.0,0.38,-259.0,8.575,8.577,4714121984.0,40423596013,40423596013,2026-07-07,2026-07-07 15:34:09+08:00
159831,金ETF嘉实,8.681,8.6794,-0.02,-0.037,-0.42,21980.0,19092124.1,8.681,8.706,8.644,8.718,0.71,1.1,0.55,-34.67,16173.0,5807.0,-2867104.0,-15.02,0.0,0.0,-2867104.0,-15.02,1808492.0,9.47,1058612.0,5.54,-1330.0,8.672,8.688,200156243.0,1737556345,1737556345,2026-07-07,2026-07-07 15:34:06+08:00
518680,金ETF富国,8.996,8.9984,0.03,-0.038,-0.42,56819.0,51109531.0,9.001,9.023,8.968,9.034,0.61,0.74,0.36,21.85,22634.0,34185.0,4392306.0,8.59,5740628.0,11.23,-1348322.0,-2.64,-3432562.0,-6.72,-959745.0,-1.88,-259.0,8.996,8.997,768169504.0,6910452858,6910452858,2026-07-07,2026-07-07 16:12:00+08:00
589770,科创综指ETF招商,1.859,1.8649,0.32,-0.008,-0.43,122663.0,22911662.0,1.866,1.898,1.83,1.867,3.64,7.74,0.82,-10.33,67616.0,55047.0,-358143.0,-1.56,-1374640.0,-6.0,1016497.0,4.44,603485.0,2.63,-245342.0,-1.07,-1296.0,1.859,1.865,158569200.0,294780143,294780143,2026-07-07,2026-07-07 16:11:42+08:00
520940,港股通恒生ETF华安,0.933,0.9385,0.59,-0.004,-0.43,89193.0,8369185.0,0.944,0.946,0.933,0.937,1.39,38.29,0.9,19.43,44343.0,44850.0,539363.0,6.44,56441.0,0.67,482922.0,5.77,-588203.0,-7.03,48841.0,0.58,93.0,0.933,0.935,23297000.0,21736101,21736101,2026-07-07,2026-07-07 16:11:52+08:00
518890,上海金ETF中银,8.611,8.6091,-0.02,-0.037,-0.43,36688.0,31587429.0,8.6,8.633,8.579,8.648,0.62,0.92,0.79,14.86,21689.0,14999.0,8423.0,0.03,1035382.0,3.28,-1026959.0,-3.25,2036113.0,6.45,-2044536.0,-6.47,-1.0,8.615,8.616,399554800.0,3440566383,3440566383,2026-07-07,2026-07-07 16:11:44+08:00
588450,科创50增强ETF招商,2.531,2.5263,-0.19,-0.011,-0.43,54257.0,13744758.0,2.5,2.572,2.49,2.542,3.23,11.17,0.74,-8.48,30201.0,24056.0,-1877622.0,-13.66,0.0,0.0,-1877622.0,-13.66,1201498.0,8.74,676123.0,4.92,-239.0,2.53,2.531,48568700.0,122927380,122927380,2026-07-07,2026-07-07 16:11:57+08:00
518660,黄金ETF工银,8.618,8.6173,-0.01,-0.038,-0.44,71401.0,61533713.0,8.612,8.644,8.588,8.656,0.65,0.77,0.33,12.62,34931.0,36470.0,2512564.0,4.08,1607551.0,2.61,905013.0,1.47,-2629043.0,-4.27,116479.0,0.19,-527.0,8.617,8.618,927152704.0,7990202003,7990202003,2026-07-07,2026-07-07 16:11:52+08:00
588300,科创创业50ETF招商,1.351,1.346,-0.37,-0.006,-0.44,445068.0,60181596.0,1.341,1.37,1.324,1.357,3.39,3.23,0.61,14.58,229716.0,215352.0,3228828.0,5.37,1784548.0,2.97,1444280.0,2.4,-1731496.0,-2.88,-1497333.0,-2.49,-3276.0,1.35,1.351,1378210496.0,1861962380,1861962380,2026-07-07,2026-07-07 16:11:38+08:00
517030,沪港深300ETF易方达,1.133,1.1334,0.04,-0.005,-0.44,789.0,89241.0,1.143,1.143,1.127,1.138,1.41,0.09,0.58,-0.36,720.0,69.0,-89240.0,-100.0,0.0,0.0,-89240.0,-100.0,56450.0,63.26,32790.0,36.74,2.0,1.13,1.135,87040300.0,98616660,98616660,2026-07-07,2026-07-07 16:11:41+08:00
589560,科创人工智能ETF汇添富,1.128,1.1264,-0.14,-0.005,-0.44,69030.0,7902319.0,1.144,1.162,1.119,1.133,3.8,3.09,0.55,11.79,42566.0,26464.0,-464769.0,-5.88,-38588.0,-0.49,-426181.0,-5.39,526867.0,6.67,-62099.0,-0.79,-1780.0,1.128,1.129,223355000.0,251944440,251944440,2026-07-07,2026-07-07 16:11:58+08:00
159013,工业互联网ETF大成,1.113,1.1132,0.02,-0.005,-0.45,37582.0,4201258.436,1.122,1.131,1.1,1.118,2.77,7.58,0.47,-4.76,13203.0,24379.0,-86070.0,-2.05,42840.0,1.02,-128910.0,-3.07,43406.0,1.03,42663.0,1.02,95.0,1.113,1.117,49578881.0,55181295,55181295,2026-07-07,2026-07-07 15:34:06+08:00
159834,金ETF南方,8.977,8.9779,0.01,-0.041,-0.45,20239.0,18159314.2,8.971,9.001,8.942,9.018,0.65,1.06,0.39,-9.23,9720.0,10519.0,96508.0,0.53,60038.0,0.33,36470.0,0.2,381194.0,2.1,-477702.0,-2.63,-3.0,8.977,8.979,190361376.0,1708874072,1708874072,2026-07-07,2026-07-07 15:34:09+08:00
513890,恒生科技ETF摩根,0.876,0.879,0.34,-0.004,-0.45,942103.0,83623312.0,0.876,0.902,0.874,0.88,3.18,10.19,1.25,21.05,457195.0,484908.0,-875456.0,-1.05,285601.0,0.34,-1161057.0,-1.39,665512.0,0.8,209944.0,0.25,-78.0,0.876,0.878,924128000.0,809536128,809536128,2026-07-07,2026-07-07 16:11:50+08:00
588400,科创创业ETF嘉实,1.325,1.3202,-0.36,-0.006,-0.45,236008.0,31429775.0,1.332,1.35,1.31,1.331,3.01,1.94,0.53,11.58,99170.0,136838.0,1989041.0,6.33,3982390.0,12.67,-1993349.0,-6.34,-1910399.0,-6.08,-78642.0,-0.25,-602.0,1.324,1.325,1215600608.0,1610670806,1610670806,2026-07-07,2026-07-07 16:12:02+08:00
588380,科创创业ETF富国,1.336,1.3319,-0.31,-0.006,-0.45,977299.0,130873058.0,1.324,1.355,1.315,1.342,2.98,3.9,0.86,-13.07,386316.0,590983.0,2690779.0,2.06,11567613.0,8.84,-8876834.0,-6.78,-1042165.0,-0.8,-1648613.0,-1.26,-1735.0,1.336,1.337,2504770000.0,3346372720,3346372720,2026-07-07,2026-07-07 16:11:47+08:00
159143,港股通央企红利ETF平安,0.894,0.8918,-0.25,-0.004,-0.45,30200.0,2724704.9,0.91,0.916,0.891,0.898,2.78,5.44,0.48,78.04,10116.0,20084.0,229846.0,8.44,0.0,0.0,229846.0,8.44,-337965.0,-12.4,108119.0,3.97,-202.0,0.892,0.895,55554456.0,49665684,49665684,2026-07-07,2026-07-07 15:34:39+08:00
159513,纳斯达克100ETF大成,1.774,1.6841,-5.34,-0.008,-0.45,969291.0,171865471.066,1.775,1.781,1.763,1.782,1.01,2.25,1.05,-20.12,488934.0,480357.0,-22177590.0,-12.9,-10060449.0,-5.85,-12117141.0,-7.05,19887323.0,11.57,2290268.0,1.33,5137.0,1.773,1.774,4315549184.0,7655784252,7655784252,2026-07-07,2026-07-07 15:34:57+08:00
159779,消费电子ETF招商,1.748,1.7522,0.24,-0.008,-0.46,83607.0,14718418.812,1.73,1.789,1.721,1.756,3.87,5.85,0.67,-8.32,37786.0,45821.0,-698758.0,-4.75,356713.0,2.42,-1055471.0,-7.17,898494.0,6.1,-199736.0,-1.36,300.0,1.747,1.748,142869337.0,249735601,249735601,2026-07-07,2026-07-07 15:34:30+08:00
561090,A500增强ETF华安,1.301,1.3022,0.09,-0.006,-0.46,85523.0,11158133.0,1.308,1.313,1.29,1.307,1.76,4.07,0.88,-2.55,30861.0,54662.0,-1635068.0,-14.65,1331573.0,11.93,-2966641.0,-26.59,58049.0,0.52,1577019.0,14.13,-1878.0,1.301,1.302,209974000.0,273176174,273176174,2026-07-07,2026-07-07 16:11:50+08:00
159509,纳指科技ETF景顺,2.603,2.2484,-15.77,-0.012,-0.46,2130992.0,555323363.721,2.609,2.63,2.586,2.615,1.68,3.22,0.96,-43.94,1037625.0,1093368.0,-16956802.0,-3.05,-6943677.0,-1.25,-10013125.0,-1.8,5681396.0,1.02,11275407.0,2.03,-24680.0,2.603,2.604,6621564160.0,17235931508,17235931508,2026-07-07,2026-07-07 15:34:00+08:00
560150,红利低波ETF泰康,1.065,1.0631,-0.18,-0.005,-0.47,61119.0,6485944.0,1.07,1.07,1.055,1.07,1.4,0.89,0.96,1.83,31677.0,29442.0,634470.0,9.78,-74097.0,-1.14,708567.0,10.92,-807334.0,-12.45,172864.0,2.67,-12.0,1.062,1.065,683279296.0,727692450,727692450,2026-07-07,2026-07-07 16:11:52+08:00
516350,芯片ETF易方达,2.122,2.111,-0.52,-0.01,-0.47,1087736.0,231441664.0,2.118,2.171,2.06,2.132,5.21,8.36,0.69,25.99,503281.0,584455.0,2704237.0,1.17,19249543.0,8.32,-16545306.0,-7.15,-7787445.0,-3.36,5083209.0,2.2,-5941.0,2.122,2.123,1300415296.0,2759481258,2759481258,2026-07-07,2026-07-07 16:11:42+08:00
159830,金ETF天弘,8.977,8.9763,-0.01,-0.042,-0.47,17704.0,15887007.9,9.018,9.018,8.931,9.019,0.96,0.48,0.49,-36.67,9214.0,8490.0,-1016090.0,-6.4,0.0,0.0,-1016090.0,-6.4,905907.0,5.7,110182.0,0.69,-56.0,8.977,8.978,371314064.0,3333286353,3333286353,2026-07-07,2026-07-07 15:34:39+08:00
588370,科创50增强ETF南方,2.089,2.087,-0.1,-0.01,-0.48,44433.0,9328269.0,2.094,2.131,2.036,2.099,4.53,7.63,0.69,-1.53,23309.0,21124.0,-816356.0,-8.75,0.0,0.0,-816356.0,-8.75,747962.0,8.02,68394.0,0.73,-175.0,2.087,2.089,58272000.0,121730208,121730208,2026-07-07,2026-07-07 16:11:52+08:00
560920,工程机械ETF招商,1.031,1.0359,0.47,-0.005,-0.48,185413.0,19363151.0,1.036,1.059,1.031,1.036,2.7,22.79,0.19,34.2,102082.0,83331.0,3446389.0,17.8,6620807.0,34.19,-3174418.0,-16.39,-2602232.0,-13.44,-844157.0,-4.36,-250.0,1.031,1.032,81373300.0,83895872,83895872,2026-07-07,2026-07-07 16:11:51+08:00
510010,180治理ETF交银,1.672,1.6718,-0.01,-0.008,-0.48,53.0,8947.0,1.664,1.726,1.664,1.68,3.69,0.0,0.37,8.68,41.0,12.0,-2523.0,-28.2,0.0,0.0,-2523.0,-28.2,0.0,0.0,2522.0,28.19,1.0,1.672,1.677,131524400.0,219908797,219908797,2026-07-07,2026-07-07 16:11:44+08:00
