代码,名称,最新价,IOPV实时估值,基金折价率,涨跌额,涨跌幅,成交量,成交额,开盘价,最高价,最低价,昨收,振幅,换手率,量比,委比,外盘,内盘,主力净流入-净额,主力净流入-净占比,超大单净流入-净额,超大单净流入-净占比,大单净流入-净额,大单净流入-净占比,中单净流入-净额,中单净流入-净占比,小单净流入-净额,小单净流入-净占比,现手,买一,卖一,最新份额,流通市值,总市值,数据日期,更新时间
159326,电网设备ETF华夏,1.659,1.6569,-0.13,0.082,5.2,9987556.0,1638036373.553,1.579,1.663,1.579,1.577,5.33,9.04,2.29,-70.15,6551825.0,3435731.0,-214913168.0,-13.12,-313057408.0,-19.11,98144240.0,5.99,152039611.0,9.28,62873581.0,3.84,359781.0,1.658,1.659,11054265600.0,18339026630,18339026630,2026-07-23,2026-07-23 15:34:57+08:00
561380,电网设备ETF国泰,0.736,0.7335,-0.34,0.036,5.14,2992976.0,217536923.0,0.693,0.736,0.693,0.7,6.14,4.82,2.27,52.6,1957082.0,1035895.0,-25789188.0,-11.86,-45792312.0,-21.05,20003124.0,9.2,18120158.0,8.33,7669030.0,3.53,-74301.0,0.736,0.737,6213533952.0,4573160989,4573160989,2026-07-23,2026-07-23 16:11:41+08:00
159320,电网设备ETF广发,0.619,0.6157,-0.54,0.03,5.09,2272609.0,138724977.5,0.591,0.619,0.59,0.589,4.92,20.32,2.94,73.52,1642850.0,629759.0,-33921113.0,-24.45,-49832630.0,-35.92,15911517.0,11.47,23124950.0,16.67,10796164.0,7.78,59649.0,0.618,0.619,1118235520.0,692187787,692187787,2026-07-23,2026-07-23 15:34:33+08:00
560390,电网设备ETF易方达,0.868,0.8642,-0.44,0.042,5.08,3777090.0,323281036.0,0.826,0.868,0.826,0.826,5.08,20.24,2.24,41.2,2420707.0,1356383.0,-49808638.0,-15.41,-66705398.0,-20.63,16896760.0,5.23,35632667.0,11.02,14175972.0,4.39,-131041.0,0.868,0.869,1866258000.0,1619911944,1619911944,2026-07-23,2026-07-23 16:11:39+08:00
560410,电池ETF鹏华,0.85,0.846,-0.47,0.04,4.94,90059.0,7579318.0,0.81,0.852,0.808,0.81,5.43,14.12,3.21,36.61,58564.0,31495.0,-630347.0,-8.32,182953.0,2.41,-813300.0,-10.73,571142.0,7.54,59206.0,0.78,-4082.0,0.848,0.85,63786100.0,54218185,54218185,2026-07-23,2026-07-23 16:11:49+08:00
159147,电池ETF南方,0.854,0.848,-0.71,0.039,4.79,497268.0,41630700.2,0.813,0.854,0.808,0.815,5.64,2.56,1.28,69.26,265187.0,232081.0,-1114565.0,-2.68,-4275681.0,-10.27,3161116.0,7.59,946484.0,2.27,168080.0,0.4,-2560.0,0.854,0.855,1944909552.0,1660952757,1660952757,2026-07-23,2026-07-23 15:34:24+08:00
159160,电池ETF东财,0.843,0.8396,-0.4,0.038,4.72,446569.0,37095125.918,0.801,0.844,0.798,0.805,5.71,19.95,1.52,3.31,284624.0,161945.0,248930.0,0.67,-2534763.0,-6.83,2783693.0,7.5,242575.0,0.65,-491505.0,-1.32,14631.0,0.842,0.843,223819254.0,188679631,188679631,2026-07-23,2026-07-23 15:34:15+08:00
159195,石油ETF华安,0.89,0.8782,-1.34,0.039,4.58,256843.0,22557192.156,0.853,0.89,0.853,0.851,4.35,28.7,1.6,97.28,147293.0,109550.0,1230308.0,5.45,8165072.0,36.2,-6934764.0,-30.74,-1879023.0,-8.33,648715.0,2.88,-927.0,0.89,0.891,89490164.0,79646246,79646246,2026-07-23,2026-07-23 15:34:39+08:00
512460,电池ETF华夏,0.85,0.8474,-0.31,0.037,4.55,266057.0,22233358.0,0.814,0.852,0.803,0.813,6.03,8.9,1.41,-29.56,137997.0,128060.0,79180.0,0.36,-1808371.0,-8.13,1887551.0,8.49,-180347.0,-0.81,101166.0,0.46,-5217.0,0.85,0.851,298823008.0,253999557,253999557,2026-07-23,2026-07-23 16:11:35+08:00
562880,电池ETF嘉实,0.748,0.7457,-0.31,0.032,4.47,330659.0,24266820.0,0.715,0.748,0.713,0.716,4.89,3.54,0.96,4.82,196650.0,134009.0,1661775.0,6.85,2855370.0,11.77,-1193595.0,-4.92,-88154.0,-0.36,-1573620.0,-6.48,-7136.0,0.747,0.748,934399600.0,698930901,698930901,2026-07-23,2026-07-23 16:11:39+08:00
159026,石油ETF南方,0.911,0.8983,-1.41,0.039,4.47,173086.0,15576649.855,0.89,0.912,0.886,0.872,2.98,34.96,2.58,11.24,95960.0,77126.0,-2030001.0,-13.03,3546775.0,22.77,-5576776.0,-35.8,1289914.0,8.28,740087.0,4.75,469.0,0.91,0.911,49513446.0,45106749,45106749,2026-07-23,2026-07-23 15:34:27+08:00
561910,电池ETF招商,0.726,0.7249,-0.15,0.031,4.46,1662309.0,118803928.0,0.695,0.726,0.693,0.695,4.75,3.56,0.83,-8.07,1007631.0,654678.0,7910265.0,6.66,-848460.0,-0.71,8758725.0,7.37,-3385790.0,-2.85,-4524476.0,-3.81,-27539.0,0.725,0.726,4663076608.0,3385393617,3385393617,2026-07-23,2026-07-23 16:11:59+08:00
159155,电池ETF大成,0.852,0.8491,-0.34,0.036,4.41,471431.0,39570193.7,0.816,0.852,0.812,0.816,4.9,8.26,1.62,61.56,242827.0,228604.0,692240.0,1.75,-3397537.0,-8.59,4089777.0,10.34,-600550.0,-1.52,-91691.0,-0.23,-2964.0,0.852,0.853,570513296.0,486077328,486077328,2026-07-23,2026-07-23 15:34:12+08:00
159017,石油ETF工银,0.905,0.8931,-1.33,0.038,4.38,111480.0,9946546.834,0.875,0.905,0.875,0.867,3.46,7.0,1.52,-1.94,78145.0,33335.0,281356.0,2.83,1350675.0,13.58,-1069319.0,-10.75,-350847.0,-3.53,69490.0,0.7,-524.0,0.905,0.908,159256813.0,144127416,144127416,2026-07-23,2026-07-23 15:34:21+08:00
159197,石油ETF招商,0.889,0.8765,-1.43,0.037,4.34,196373.0,17218376.022,0.86,0.889,0.86,0.852,3.4,42.33,1.62,83.68,104727.0,91646.0,-118544.0,-0.69,5407061.0,31.4,-5525605.0,-32.09,-41465.0,-0.24,160008.0,0.93,-446.0,0.889,0.89,46388290.0,41239190,41239190,2026-07-23,2026-07-23 15:34:42+08:00
159175,电池ETF易方达,0.9,0.8985,-0.17,0.037,4.29,370981.0,32820520.839,0.863,0.901,0.859,0.863,4.87,7.3,1.08,35.48,189156.0,181825.0,2151772.0,6.56,6093594.0,18.57,-3941822.0,-12.01,-1122166.0,-3.42,-1029606.0,-3.14,1068.0,0.899,0.9,508270384.0,457443346,457443346,2026-07-23,2026-07-23 15:34:21+08:00
516270,新能源ETF华安,0.588,0.586,-0.34,0.024,4.26,301568.0,17500673.0,0.565,0.589,0.564,0.564,4.43,10.58,1.56,-2.69,169896.0,131672.0,-239285.0,-1.37,-96561.0,-0.55,-142724.0,-0.82,427999.0,2.45,-188714.0,-1.08,-6057.0,0.587,0.588,284909008.0,167526497,167526497,2026-07-23,2026-07-23 16:11:58+08:00
560910,电池ETF华泰柏瑞,0.755,0.7547,-0.04,0.03,4.14,184344.0,13728517.0,0.723,0.756,0.718,0.725,5.24,9.0,1.3,-2.24,113505.0,70839.0,80046.0,0.58,-1120617.0,-8.16,1200663.0,8.75,30183.0,0.22,-110229.0,-0.8,-2365.0,0.754,0.755,204721000.0,154564355,154564355,2026-07-23,2026-07-23 16:11:44+08:00
561160,电池ETF富国,0.731,0.73,-0.14,0.029,4.13,1186469.0,85110971.0,0.7,0.732,0.697,0.702,4.99,5.07,0.99,32.0,734425.0,452044.0,21001594.0,24.68,22366031.0,26.28,-1364437.0,-1.6,-13439341.0,-15.79,-7562253.0,-8.89,-6937.0,0.731,0.732,2342335008.0,1712246891,1712246891,2026-07-23,2026-07-23 16:11:52+08:00
516160,新能源ETF南方,2.486,2.4842,-0.07,0.098,4.1,948154.0,232142955.0,2.386,2.486,2.386,2.388,4.19,6.2,1.08,65.04,518046.0,430107.0,-31754402.0,-13.68,-21957540.0,-9.46,-9796862.0,-4.22,7643209.0,3.29,24111193.0,10.39,-7326.0,2.486,2.487,1530142000.0,3803933012,3803933012,2026-07-23,2026-07-23 16:11:37+08:00
516580,新能源ETF博时,0.585,0.5854,0.07,0.023,4.09,26607.0,1535001.0,0.564,0.585,0.564,0.562,3.74,1.86,0.45,15.81,16801.0,9806.0,-151557.0,-9.87,-183150.0,-11.93,31593.0,2.06,303229.0,19.75,-151674.0,-9.88,-6.0,0.585,0.586,143124100.0,83727599,83727599,2026-07-23,2026-07-23 16:11:39+08:00
159875,新能源ETF嘉实,0.588,0.5873,-0.12,0.023,4.07,2065879.0,119918373.7,0.565,0.588,0.564,0.565,4.25,7.6,1.09,-21.6,1420374.0,645505.0,1411686.0,1.18,3229715.0,2.69,-1818029.0,-1.52,-899174.0,-0.75,-512512.0,-0.43,17800.0,0.587,0.588,2716662896.0,1597397783,1597397783,2026-07-23,2026-07-23 15:34:33+08:00
159796,电池ETF汇添富,0.848,0.8482,0.02,0.033,4.05,4582888.0,384159009.8,0.814,0.85,0.811,0.815,4.79,7.3,1.38,-27.92,2729660.0,1853228.0,-38166731.0,-9.94,-69404128.0,-18.07,31237397.0,8.13,16175906.0,4.21,21990825.0,5.72,-48441.0,0.848,0.849,6278467584.0,5324140511,5324140511,2026-07-23,2026-07-23 15:34:57+08:00
516090,新能源ETF易方达,0.491,0.4904,-0.12,0.019,4.03,1146421.0,55433475.0,0.471,0.491,0.47,0.472,4.45,6.69,0.71,-1.63,667844.0,478577.0,2662043.0,4.8,6129879.0,11.06,-3467836.0,-6.26,-1437947.0,-2.59,-1224095.0,-2.21,-6607.0,0.491,0.492,1712844800.0,841006797,841006797,2026-07-23,2026-07-23 16:11:37+08:00
159071,新能源电池ETF华宝,0.847,0.8446,-0.28,0.032,3.93,65258.0,5438465.233,0.813,0.847,0.799,0.815,5.89,5.31,0.49,19.02,43864.0,21394.0,441759.0,8.12,0.0,0.0,441759.0,8.12,-358891.0,-6.6,-82869.0,-1.52,37.0,0.846,0.847,122911738.0,104106242,104106242,2026-07-23,2026-07-23 15:34:33+08:00
159305,储能电池ETF广发,0.827,0.8236,-0.41,0.031,3.89,672027.0,54710569.3,0.795,0.827,0.794,0.796,4.15,6.06,0.79,24.88,388313.0,283714.0,-1957056.0,-3.58,-3189179.0,-5.83,1232123.0,2.25,1390514.0,2.54,566542.0,1.04,-1869.0,0.827,0.828,1109640304.0,917672531,917672531,2026-07-23,2026-07-23 15:34:45+08:00
159566,储能电池ETF易方达,1.861,1.8567,-0.23,0.069,3.85,1909987.0,350234043.193,1.792,1.861,1.791,1.792,3.91,7.1,1.04,56.34,1034325.0,875662.0,770507.0,0.22,14067833.0,4.02,-13297326.0,-3.8,-1866726.0,-0.53,1096219.0,0.31,-5230.0,1.861,1.862,2691739776.0,5009327723,5009327723,2026-07-23,2026-07-23 15:34:15+08:00
516960,机械ETF国泰,0.907,0.9049,-0.23,0.033,3.78,17745.0,1583071.0,0.874,0.908,0.874,0.874,3.89,12.63,1.09,20.08,11633.0,6112.0,-267592.0,-16.9,432740.0,27.34,-700332.0,-44.24,194622.0,12.29,72970.0,4.61,-125.0,0.905,0.907,14051100.0,12744348,12744348,2026-07-23,2026-07-23 16:11:34+08:00
159062,稀有金属ETF南方,0.803,0.8006,-0.3,0.029,3.75,207339.0,16542972.004,0.774,0.809,0.774,0.774,4.52,17.39,1.26,42.41,105127.0,102212.0,-6616.0,-0.04,973373.0,5.88,-979989.0,-5.92,-206309.0,-1.25,212925.0,1.29,557.0,0.801,0.803,119201256.0,95718609,95718609,2026-07-23,2026-07-23 15:34:54+08:00
516850,新能源ETF华夏,0.913,0.9139,0.1,0.033,3.75,204303.0,18447056.0,0.882,0.914,0.88,0.88,3.86,14.16,1.1,6.36,110869.0,93434.0,-64021.0,-0.35,-1784860.0,-9.68,1720839.0,9.33,199487.0,1.08,-135465.0,-0.73,-666.0,0.913,0.914,144237000.0,131688381,131688381,2026-07-23,2026-07-23 16:11:51+08:00
562910,高端制造ETF易方达,0.839,0.8382,-0.1,0.03,3.71,673579.0,56081214.0,0.809,0.84,0.809,0.809,3.83,26.81,2.21,39.08,537161.0,136418.0,-12563380.0,-22.4,-24340535.0,-43.4,11777155.0,21.0,12641512.0,22.54,-78131.0,-0.14,-3730.0,0.838,0.839,251227300.0,210779705,210779705,2026-07-23,2026-07-23 16:11:46+08:00
561800,稀有金属ETF华富,0.985,0.9825,-0.25,0.035,3.68,315520.0,30801405.0,0.951,0.992,0.949,0.95,4.53,14.91,1.44,-2.56,163765.0,151755.0,-1470916.0,-4.78,-3848229.0,-12.49,2377313.0,7.72,1279113.0,4.15,191802.0,0.62,-2891.0,0.984,0.985,211577200.0,208403542,208403542,2026-07-23,2026-07-23 16:11:40+08:00
159886,机械ETF富国,0.931,0.9294,-0.17,0.033,3.67,40865.0,3748903.2,0.889,0.931,0.889,0.898,4.68,5.72,0.5,11.59,26382.0,14483.0,-756471.0,-20.18,-206465.0,-5.51,-550006.0,-14.67,472968.0,12.62,283502.0,7.56,1018.0,0.93,0.931,71442555.0,66513019,66513019,2026-07-23,2026-07-23 15:34:09+08:00
159199,石油ETF平安,0.879,0.8735,-0.63,0.031,3.66,63386.0,5542572.638,0.858,0.889,0.858,0.848,3.66,8.66,4.81,66.96,41381.0,22005.0,275547.0,4.97,2785259.0,50.25,-2509712.0,-45.28,-109131.0,-1.97,-166416.0,-3.0,-1.0,0.879,0.88,73154938.0,64303191,64303191,2026-07-23,2026-07-23 15:34:36+08:00
159053,稀有金属ETF华夏,0.88,0.8753,-0.54,0.031,3.65,163362.0,14199380.568,0.849,0.885,0.845,0.849,4.71,10.29,0.75,8.5,84023.0,79339.0,675771.0,4.76,563019.0,3.97,112752.0,0.79,-83184.0,-0.59,-592588.0,-4.17,899.0,0.877,0.88,158698132.0,139654356,139654356,2026-07-23,2026-07-23 15:34:36+08:00
159052,新能源电池ETF嘉实,0.854,0.8525,-0.18,0.03,3.64,48621.0,4103375.951,0.823,0.854,0.812,0.824,5.1,2.48,0.7,-21.7,29669.0,18952.0,311410.0,7.59,132971.0,3.24,178439.0,4.35,57692.0,1.41,-369102.0,-9.0,-620.0,0.854,0.855,195926092.0,167320883,167320883,2026-07-23,2026-07-23 15:34:30+08:00
159588,石油ETF景顺,1.226,1.2162,-0.81,0.043,3.63,250941.0,30596462.587,1.244,1.244,1.19,1.183,4.56,5.49,1.53,8.4,160902.0,90039.0,-2506684.0,-8.19,-98281.0,-0.32,-2408403.0,-7.87,2346025.0,7.67,160658.0,0.53,326.0,1.225,1.226,457284864.0,560631243,560631243,2026-07-23,2026-07-23 15:34:48+08:00
159652,有色ETF汇添富,1.576,1.5725,-0.22,0.055,3.62,1642063.0,256865916.8,1.523,1.597,1.516,1.521,5.33,8.26,1.23,6.91,888601.0,753462.0,-1959286.0,-0.76,8381126.0,3.26,-10340412.0,-4.03,-679312.0,-0.26,2638597.0,1.03,-5687.0,1.576,1.577,1988320288.0,3133592774,3133592774,2026-07-23,2026-07-23 15:34:27+08:00
515030,新能源车ETF华夏,1.608,1.6081,0.01,0.056,3.61,900392.0,142507087.0,1.551,1.609,1.542,1.552,4.32,5.59,0.96,-13.8,511778.0,388614.0,10084781.0,7.08,4276442.0,3.0,5808339.0,4.08,-10071092.0,-7.07,-13688.0,-0.01,-2391.0,1.608,1.609,1611384000.0,2591105472,2591105472,2026-07-23,2026-07-23 16:11:40+08:00
159181,石油ETF易方达,0.86,0.853,-0.82,0.03,3.61,257393.0,21999976.721,0.858,0.861,0.835,0.83,3.13,17.0,1.81,20.08,161504.0,95889.0,-1376006.0,-6.25,2526291.0,11.48,-3902297.0,-17.74,555401.0,2.52,820605.0,3.73,-325.0,0.86,0.861,151405335.0,130208588,130208588,2026-07-23,2026-07-23 15:34:42+08:00
159752,新能源ETF申万菱信,0.605,0.6055,0.08,0.021,3.6,111884.0,6692376.2,0.582,0.607,0.582,0.584,4.28,2.51,0.76,-65.32,67553.0,44331.0,232982.0,3.48,18111.0,0.27,214871.0,3.21,137952.0,2.06,-370935.0,-5.54,20.0,0.604,0.605,445958912.0,269805142,269805142,2026-07-23,2026-07-23 15:34:42+08:00
516650,有色金属ETF华夏,1.778,1.777,-0.06,0.061,3.55,1330758.0,235328123.0,1.729,1.805,1.711,1.717,5.47,2.57,1.53,69.41,841305.0,489453.0,-25153465.0,-10.69,-13780536.0,-5.86,-11372929.0,-4.83,11024958.0,4.68,14128506.0,6.0,-19328.0,1.777,1.778,5179464704.0,9209088244,9209088244,2026-07-23,2026-07-23 16:11:47+08:00
159671,稀有金属ETF工银,1.284,1.2829,-0.09,0.044,3.55,408045.0,51760586.146,1.239,1.295,1.236,1.24,4.76,4.51,0.74,41.86,240557.0,167488.0,464522.0,0.9,36042.0,0.07,428480.0,0.83,-313425.0,-0.61,-151097.0,-0.29,-3634.0,1.284,1.285,904051744.0,1160802439,1160802439,2026-07-23,2026-07-23 15:34:45+08:00
159148,石油ETF富国,0.967,0.9564,-1.11,0.033,3.53,315899.0,30293893.6,0.94,0.968,0.94,0.934,3.0,13.95,1.4,3.36,183697.0,132202.0,-470243.0,-1.55,-1630268.0,-5.38,1160025.0,3.83,104070.0,0.34,366174.0,1.21,827.0,0.966,0.967,226466601.0,218993203,218993203,2026-07-23,2026-07-23 15:34:00+08:00
562800,稀有金属ETF嘉实,0.912,0.9099,-0.23,0.031,3.52,3591183.0,324583662.0,0.885,0.921,0.879,0.881,4.77,6.37,1.05,35.93,2000676.0,1590507.0,-30778468.0,-9.48,-19050441.0,-5.87,-11728027.0,-3.61,12377432.0,3.81,18401036.0,5.67,-39215.0,0.912,0.913,5640294912.0,5143948960,5143948960,2026-07-23,2026-07-23 16:11:47+08:00
159168,有色ETF富国,0.857,0.8538,-0.37,0.029,3.5,533290.0,45154363.865,0.828,0.866,0.823,0.828,5.19,9.53,1.44,10.33,343900.0,189390.0,9038075.0,20.02,2111667.0,4.68,6926408.0,15.34,-7452200.0,-16.5,-1585876.0,-3.51,-2561.0,0.857,0.858,559455056.0,479452983,479452983,2026-07-23,2026-07-23 15:34:48+08:00
159018,石油ETF广发,0.89,0.8815,-0.96,0.03,3.49,116817.0,10311341.4,0.872,0.895,0.871,0.86,2.79,33.47,1.46,-61.35,65221.0,51596.0,-1561027.0,-15.14,817433.0,7.93,-2378460.0,-23.07,850957.0,8.25,710070.0,6.89,2071.0,0.889,0.89,34904203.0,31064741,31064741,2026-07-23,2026-07-23 15:34:21+08:00
516660,新能源车ETF华安,0.98,0.9822,0.22,0.033,3.48,13524.0,1319983.0,0.956,0.983,0.956,0.947,2.85,0.86,0.84,11.83,7414.0,6110.0,412739.0,31.27,653142.0,49.48,-240403.0,-18.21,-268742.0,-20.36,-143998.0,-10.91,-11.0,0.98,0.983,157689000.0,154535220,154535220,2026-07-23,2026-07-23 16:11:49+08:00
515700,新能源车ETF平安,2.143,2.1442,0.06,0.072,3.48,456503.0,96789737.0,2.074,2.149,2.056,2.071,4.49,6.71,1.45,48.21,297362.0,159141.0,-22348482.0,-23.09,-4666796.0,-4.82,-17681686.0,-18.27,23813169.0,24.6,-1464686.0,-1.51,-686.0,2.142,2.143,680510208.0,1458333376,1458333376,2026-07-23,2026-07-23 16:12:02+08:00
159189,石油ETF华夏,0.865,0.8586,-0.75,0.029,3.47,412042.0,35468753.955,0.842,0.868,0.842,0.836,3.11,33.21,2.64,-73.84,218068.0,193974.0,-1391485.0,-3.92,2500796.0,7.05,-3892281.0,-10.97,738345.0,2.08,653141.0,1.84,954.0,0.864,0.865,124083187.0,107331957,107331957,2026-07-23,2026-07-23 15:34:33+08:00
159193,新能源电池ETF银华,0.806,0.8059,-0.01,0.027,3.47,112664.0,8966933.5,0.78,0.807,0.778,0.779,3.72,4.81,0.76,-61.64,76515.0,36149.0,224426.0,2.5,214747.0,2.39,9679.0,0.11,60424.0,0.67,-284850.0,-3.18,2553.0,0.805,0.806,234080335.0,188668750,188668750,2026-07-23,2026-07-23 15:34:27+08:00
159637,新能源车ETF东财,0.804,0.8041,0.01,0.027,3.47,144357.0,11412459.282,0.776,0.804,0.771,0.777,4.25,2.27,1.11,-25.89,102124.0,42233.0,2711159.0,23.76,2179812.0,19.1,531347.0,4.66,-897699.0,-7.87,-1813461.0,-15.89,-2222.0,0.804,0.805,635768096.0,511157549,511157549,2026-07-23,2026-07-23 15:34:06+08:00
159824,新能源车ETF博时,1.079,1.0797,0.06,0.036,3.45,37957.0,4074326.646,1.043,1.08,1.039,1.043,3.93,4.51,0.75,82.12,23783.0,14174.0,158044.0,3.88,115886.0,2.84,42158.0,1.03,73281.0,1.8,-231325.0,-5.68,-94.0,1.079,1.08,84135070.0,90781741,90781741,2026-07-23,2026-07-23 15:34:09+08:00
159032,工业有色ETF易方达,0.872,0.8692,-0.32,0.029,3.44,230222.0,19916361.437,0.844,0.883,0.838,0.843,5.34,8.83,1.01,14.04,127558.0,102664.0,1609760.0,8.08,2703424.0,13.57,-1093664.0,-5.49,-1486288.0,-7.46,-123471.0,-0.62,-1350.0,0.872,0.874,260845019.0,227456857,227456857,2026-07-23,2026-07-23 15:34:30+08:00
159190,创业板新能源ETF天弘,0.841,0.8399,-0.13,0.028,3.44,176977.0,14658924.516,0.821,0.841,0.815,0.813,3.2,22.67,1.25,72.7,89162.0,87815.0,7708.0,0.05,3135296.0,21.39,-3127588.0,-21.34,113573.0,0.77,-121281.0,-0.83,71.0,0.839,0.84,78069299.0,65656280,65656280,2026-07-23,2026-07-23 15:34:33+08:00
159149,创业板新能源ETF工银,0.849,0.8503,0.15,0.028,3.41,136740.0,11484237.5,0.824,0.85,0.824,0.821,3.17,23.77,1.24,-0.61,68836.0,67904.0,-425145.0,-3.7,-1453389.0,-12.66,1028244.0,8.95,542330.0,4.72,-117185.0,-1.02,65.0,0.848,0.849,57515298.0,48830488,48830488,2026-07-23,2026-07-23 15:34:06+08:00
159876,有色ETF华宝,0.942,0.9399,-0.22,0.031,3.4,878311.0,82104172.0,0.911,0.953,0.906,0.911,5.16,5.91,1.18,39.44,498070.0,380241.0,1417029.0,1.73,5258439.0,6.4,-3841410.0,-4.68,-3897430.0,-4.75,2480400.0,3.02,-3284.0,0.942,0.943,1486177024.0,1399978757,1399978757,2026-07-23,2026-07-23 15:34:00+08:00
562010,绿色能源ETF华宝,0.885,0.8801,-0.56,0.029,3.39,12352.0,1084317.0,0.858,0.885,0.858,0.856,3.15,7.14,3.36,82.99,11668.0,684.0,-166412.0,-15.35,0.0,0.0,-166412.0,-15.35,157740.0,14.55,8672.0,0.8,-2640.0,0.885,0.886,17298700.0,15309350,15309350,2026-07-23,2026-07-23 16:11:41+08:00
159871,有色ETF银华,0.915,0.9147,-0.03,0.03,3.39,586835.0,53363936.6,0.89,0.929,0.882,0.885,5.31,5.3,1.45,71.6,322959.0,263876.0,2207716.0,4.14,2514940.0,4.71,-307224.0,-0.58,-2958765.0,-5.54,751048.0,1.41,1977.0,0.914,0.915,1107232512.0,1013117748,1013117748,2026-07-23,2026-07-23 15:34:33+08:00
159183,新能源车ETF招商,0.859,0.8607,0.2,0.028,3.37,84863.0,7217111.152,0.837,0.873,0.833,0.831,4.81,17.54,1.51,-85.19,45305.0,39558.0,-418997.0,-5.81,-499347.0,-6.92,80350.0,1.11,583595.0,8.09,-164596.0,-2.28,-5.0,0.859,0.86,48387793.0,41565114,41565114,2026-07-23,2026-07-23 15:34:21+08:00
159806,新能源车ETF国泰,0.705,0.7062,0.17,0.023,3.37,253996.0,17677841.37,0.68,0.706,0.677,0.682,4.25,2.84,0.99,-40.49,127390.0,126606.0,1108082.0,6.27,946146.0,5.35,161936.0,0.92,-496973.0,-2.81,-611108.0,-3.46,1691.0,0.704,0.705,894089440.0,630333055,630333055,2026-07-23,2026-07-23 15:34:03+08:00
159697,石油ETF鹏华,1.29,1.2839,-0.48,0.042,3.37,1227265.0,157997809.706,1.272,1.296,1.256,1.248,3.21,11.1,1.7,-42.08,718744.0,508521.0,-39191499.0,-24.81,-15266806.0,-9.66,-23924693.0,-15.14,19046928.0,12.06,20144572.0,12.75,17529.0,1.289,1.29,1106022000.0,1426768380,1426768380,2026-07-23,2026-07-23 15:34:15+08:00
516390,新能源车ETF汇添富,0.861,0.8612,0.02,0.028,3.36,71467.0,6082356.0,0.833,0.861,0.826,0.833,4.2,3.98,1.08,1.23,42653.0,28814.0,219370.0,3.61,97509.0,1.6,121861.0,2.0,119097.0,1.96,-338466.0,-5.56,-100.0,0.861,0.862,179761000.0,154774221,154774221,2026-07-23,2026-07-23 16:11:38+08:00
560860,工业有色ETF万家,1.575,1.5729,-0.13,0.051,3.35,3348782.0,524412904.0,1.526,1.596,1.515,1.524,5.31,6.13,1.45,33.43,1694383.0,1654399.0,-39779958.0,-7.59,-43046125.0,-8.21,3266167.0,0.62,47603039.0,9.08,-7823081.0,-1.49,-15873.0,1.574,1.575,5465232896.0,8607741811,8607741811,2026-07-23,2026-07-23 16:11:59+08:00
159608,稀有金属ETF广发,1.049,1.0475,-0.14,0.034,3.35,1144648.0,119225252.9,1.02,1.06,1.01,1.015,4.93,3.58,1.0,8.97,670998.0,473650.0,-2866777.0,-2.4,-195910.0,-0.16,-2670867.0,-2.24,2851214.0,2.39,15562.0,0.01,-13027.0,1.049,1.05,3195210064.0,3351775357,3351775357,2026-07-23,2026-07-23 15:34:42+08:00
159045,稀有金属ETF大成,0.782,0.7812,-0.1,0.025,3.3,84444.0,6564354.177,0.757,0.789,0.756,0.757,4.36,4.71,0.95,90.83,51463.0,32981.0,360801.0,5.5,-471900.0,-7.19,832701.0,12.69,-305688.0,-4.66,-55112.0,-0.84,7.0,0.781,0.782,179330213.0,140236227,140236227,2026-07-23,2026-07-23 15:34:33+08:00
159187,创业板新能源ETF景顺,0.845,0.8457,0.08,0.027,3.3,44437.0,3721344.3,0.825,0.846,0.821,0.818,3.06,8.36,1.19,-37.37,24604.0,19833.0,-244379.0,-6.57,0.0,0.0,-244379.0,-6.57,325648.0,8.75,-81269.0,-2.18,283.0,0.844,0.845,53176266.0,44933945,44933945,2026-07-23,2026-07-23 15:34:30+08:00
159076,创业板新能源ETF华宝,0.846,0.8452,-0.09,0.027,3.3,243539.0,20317780.197,0.819,0.846,0.819,0.819,3.3,8.88,1.06,96.39,138075.0,105464.0,544456.0,2.68,-519095.0,-2.55,1063551.0,5.23,-388673.0,-1.91,-155784.0,-0.77,-600.0,0.846,0.849,274373008.0,232119565,232119565,2026-07-23,2026-07-23 15:34:36+08:00
159881,有色金属ETF国泰,0.878,0.8778,-0.02,0.028,3.29,220819.0,19182908.5,0.851,0.89,0.847,0.85,5.06,11.65,1.29,45.24,118663.0,102156.0,-1787631.0,-9.32,-898685.0,-4.68,-888946.0,-4.63,1289078.0,6.72,498553.0,2.6,742.0,0.877,0.878,189499166.0,166380268,166380268,2026-07-23,2026-07-23 15:34:03+08:00
159309,油气ETF汇添富,1.351,1.3407,-0.77,0.043,3.29,880914.0,117743223.35,1.322,1.352,1.322,1.308,2.29,14.75,1.42,-47.39,370873.0,510041.0,-36948636.0,-31.38,-29087607.0,-24.7,-7861029.0,-6.68,9283197.0,7.88,27665439.0,23.5,-11448.0,1.351,1.352,597371744.0,807049226,807049226,2026-07-23,2026-07-23 15:34:30+08:00
516320,高端装备ETF华夏,0.941,0.9424,0.15,0.03,3.29,38943.0,3631945.0,0.914,0.941,0.912,0.911,3.18,4.5,0.47,8.68,21454.0,17489.0,-259366.0,-7.14,1003.0,0.03,-260369.0,-7.17,212876.0,5.86,46490.0,1.28,-100.0,0.94,0.941,86589300.0,81480531,81480531,2026-07-23,2026-07-23 16:11:43+08:00
159880,有色ETF鹏华,1.859,1.8556,-0.18,0.059,3.28,227490.0,41929154.6,1.8,1.884,1.793,1.8,5.06,3.71,0.86,86.54,116208.0,111282.0,2454273.0,5.85,-892783.0,-2.13,3347056.0,7.98,-1691323.0,-4.03,-762949.0,-1.82,-266.0,1.859,1.862,613051520.0,1139662776,1139662776,2026-07-23,2026-07-23 15:34:06+08:00
561360,石油ETF国泰,1.415,1.4052,-0.7,0.045,3.28,791062.0,110927076.0,1.386,1.415,1.381,1.37,2.48,5.7,1.17,-8.47,506089.0,284973.0,-36387910.0,-32.8,-14403777.0,-12.98,-21984133.0,-19.82,17312981.0,15.61,19074930.0,17.2,-8913.0,1.415,1.416,1387148000.0,1962814420,1962814420,2026-07-23,2026-07-23 16:11:47+08:00
159755,电池ETF广发,0.944,0.9435,-0.05,0.03,3.28,5975632.0,556137150.205,0.911,0.944,0.906,0.914,4.16,6.65,1.2,-3.11,3603194.0,2372438.0,-16965419.0,-3.05,-26779797.0,-4.82,9814378.0,1.76,15991221.0,2.88,974199.0,0.18,60010.0,0.943,0.944,8990646784.0,8487170564,8487170564,2026-07-23,2026-07-23 15:34:27+08:00
159157,有色金属ETF天弘,0.82,0.8204,0.05,0.026,3.27,1640051.0,133798145.574,0.795,0.832,0.791,0.794,5.16,1.96,1.13,33.43,933582.0,706469.0,24394361.0,18.23,25016237.0,18.7,-621876.0,-0.46,-15781396.0,-11.79,-8612964.0,-6.44,-6958.0,0.82,0.821,8388758784.0,6878782203,6878782203,2026-07-23,2026-07-23 15:34:36+08:00
159840,锂电池ETF工银,0.758,0.7566,-0.19,0.024,3.27,1596275.0,119243593.1,0.734,0.758,0.728,0.734,4.09,8.15,1.14,58.03,868086.0,728189.0,-11544485.0,-9.68,-5572858.0,-4.67,-5971627.0,-5.01,8756387.0,7.34,2788098.0,2.34,10089.0,0.757,0.758,1957574848.0,1483841735,1483841735,2026-07-23,2026-07-23 15:34:18+08:00
159387,创业板新能源ETF国泰,0.73,0.7294,-0.08,0.023,3.25,3980358.0,286136724.1,0.709,0.73,0.705,0.707,3.54,26.2,1.19,31.13,2032942.0,1947416.0,-10250097.0,-3.58,-32367623.0,-11.31,22117526.0,7.73,7341025.0,2.57,2909072.0,1.02,-1695.0,0.73,0.731,1519189648.0,1109008443,1109008443,2026-07-23,2026-07-23 15:34:54+08:00
159055,稀有金属ETF富国,0.892,0.8912,-0.09,0.028,3.24,96504.0,8532422.0,0.869,0.9,0.861,0.864,4.51,7.58,0.92,25.68,55933.0,40571.0,209471.0,2.46,323268.0,3.79,-113797.0,-1.33,-325870.0,-3.82,116400.0,1.36,181.0,0.891,0.892,127293952.0,113546205,113546205,2026-07-23,2026-07-23 15:34:39+08:00
159261,创业板新能源ETF鹏华,1.375,1.3748,-0.01,0.043,3.23,37424.0,5086110.6,1.333,1.377,1.333,1.332,3.3,7.51,0.81,7.31,23893.0,13531.0,-261394.0,-5.14,0.0,0.0,-261394.0,-5.14,272570.0,5.36,-11177.0,-0.22,-1.0,1.375,1.377,49814904.0,68495493,68495493,2026-07-23,2026-07-23 15:34:00+08:00
159552,中证2000增强ETF招商,1.994,1.9801,-0.7,0.062,3.21,563758.0,111093295.365,1.933,1.994,1.928,1.932,3.42,14.07,1.53,43.61,332796.0,230962.0,-5641464.0,-5.08,2086130.0,1.88,-7727594.0,-6.96,4156577.0,3.74,1484888.0,1.34,-17881.0,1.994,1.995,400790320.0,799175898,799175898,2026-07-23,2026-07-23 15:34:36+08:00
561050,稀有金属ETF易方达,0.839,0.8375,-0.18,0.026,3.2,142594.0,11884826.0,0.808,0.847,0.808,0.813,4.8,6.09,0.8,12.99,91217.0,51377.0,842487.0,7.09,1281350.0,10.78,-438863.0,-3.69,-693526.0,-5.84,-148960.0,-1.25,-1048.0,0.839,0.84,234250000.0,196535750,196535750,2026-07-23,2026-07-23 16:11:40+08:00
512940,有色ETF华安,0.806,0.8056,-0.05,0.025,3.2,518323.0,41506254.0,0.784,0.819,0.778,0.781,5.25,2.37,0.88,10.42,281426.0,236897.0,4683755.0,11.28,4420152.0,10.65,263603.0,0.64,-1524153.0,-3.67,-3159602.0,-7.61,-1143.0,0.805,0.806,2186705008.0,1762484236,1762484236,2026-07-23,2026-07-23 16:11:47+08:00
159162,工业有色ETF鹏华,0.811,0.8108,-0.02,0.025,3.18,188259.0,15199002.406,0.786,0.821,0.781,0.786,5.09,3.78,1.0,8.28,132803.0,55456.0,2829086.0,18.61,2703753.0,17.79,125333.0,0.82,-1862871.0,-12.26,-966215.0,-6.36,2039.0,0.81,0.811,497939840.0,403829210,403829210,2026-07-23,2026-07-23 15:34:45+08:00
159156,电池ETF万家,0.884,0.8849,0.1,0.027,3.15,73413.0,6394642.8,0.857,0.884,0.85,0.857,3.97,3.54,1.42,-51.43,43283.0,30130.0,-1550949.0,-24.25,0.0,0.0,-1550949.0,-24.25,666367.0,10.42,884582.0,13.83,52.0,0.883,0.884,207461253.0,183395748,183395748,2026-07-23,2026-07-23 15:34:15+08:00
159885,碳中和ETF鹏华,0.724,0.724,0.0,0.022,3.13,15582.0,1111785.65,0.711,0.724,0.699,0.702,3.56,0.63,1.13,-7.73,10538.0,5044.0,-186308.0,-16.76,0.0,0.0,-186308.0,-16.76,-54378.0,-4.89,240686.0,21.65,-90.0,0.724,0.725,247467316.0,179166337,179166337,2026-07-23,2026-07-23 15:34:36+08:00
159368,创业板新能源ETF华夏,0.66,0.6597,-0.05,0.02,3.13,4111934.0,268056427.8,0.645,0.661,0.639,0.64,3.44,38.99,1.27,-91.98,2548787.0,1563147.0,-11201642.0,-4.18,-64902340.0,-24.21,53700698.0,20.03,8622419.0,3.22,2579223.0,0.96,1227.0,0.659,0.66,1054579680.0,696022589,696022589,2026-07-23,2026-07-23 15:34:57+08:00
513310,中韩半导体ETF华泰柏瑞,5.199,4.582,-13.47,0.157,3.11,40859217.0,21230645763.0,5.26,5.295,5.105,5.042,3.77,174.36,1.08,60.45,20518616.0,20340601.0,-55708496.0,-0.26,-98183504.0,-0.46,42475008.0,0.2,-83407872.0,-0.39,139116368.0,0.66,-161831.0,5.199,5.2,2343427008.0,12183477015,12183477015,2026-07-23,2026-07-23 16:12:02+08:00
159531,中证2000ETF南方,1.297,1.2968,-0.02,0.039,3.1,1742376.0,223156327.878,1.258,1.298,1.256,1.258,3.34,17.41,0.72,13.48,1022247.0,720129.0,24034762.0,10.77,24297312.0,10.89,-262550.0,-0.12,-12395694.0,-5.55,-11639067.0,-5.22,-18763.0,1.297,1.298,1000608400.0,1297789095,1297789095,2026-07-23,2026-07-23 15:34:57+08:00
560470,有色ETF易方达,0.866,0.866,0.0,0.026,3.1,255796.0,22048806.0,0.843,0.882,0.831,0.84,6.07,8.16,2.01,9.75,135218.0,120578.0,-1642100.0,-7.45,-2529937.0,-11.47,887837.0,4.03,1226527.0,5.56,415574.0,1.88,-849.0,0.865,0.866,313340000.0,271352440,271352440,2026-07-23,2026-07-23 16:11:45+08:00
561760,油气ETF博时,1.303,1.2998,-0.25,0.039,3.09,51970.0,6731767.0,1.279,1.305,1.277,1.264,2.22,3.09,0.78,4.8,24974.0,26996.0,-638708.0,-9.49,0.0,0.0,-638708.0,-9.49,498714.0,7.41,139994.0,2.08,-1556.0,1.303,1.305,168195000.0,219158085,219158085,2026-07-23,2026-07-23 16:11:43+08:00
512400,有色金属ETF南方,1.822,1.8223,0.02,0.054,3.05,10244408.0,1859662340.0,1.775,1.851,1.759,1.768,5.2,8.51,1.89,-7.7,5915391.0,4329016.0,-150652512.0,-8.1,-221824976.0,-11.93,71172464.0,3.83,149585565.0,8.04,1066944.0,0.06,-82767.0,1.822,1.823,12040038912.0,21936950898,21936950898,2026-07-23,2026-07-23 16:12:02+08:00
588830,科创新能源ETF鹏华,1.187,1.1802,-0.58,0.035,3.04,1145104.0,133887173.0,1.154,1.189,1.149,1.152,3.47,18.18,1.36,20.6,796273.0,348831.0,-17772996.0,-13.27,-3561159.0,-2.66,-14211837.0,-10.61,-9433347.0,-7.05,27206343.0,20.32,-20187.0,1.187,1.188,629847904.0,747629462,747629462,2026-07-23,2026-07-23 16:12:00+08:00
516150,稀土ETF嘉实,1.659,1.6565,-0.15,0.049,3.04,931106.0,152844113.0,1.611,1.662,1.606,1.61,3.48,2.55,0.99,-45.04,526413.0,404693.0,-15222521.0,-9.96,8814248.0,5.77,-24036769.0,-15.73,-2790450.0,-1.83,18012970.0,11.79,-3776.0,1.659,1.66,3656077008.0,6065431756,6065431756,2026-07-23,2026-07-23 16:11:55+08:00
159757,电池ETF景顺,0.786,0.7869,0.11,0.023,3.01,223447.0,17398194.3,0.762,0.787,0.756,0.763,4.06,8.73,1.53,48.97,137578.0,85869.0,944068.0,5.43,-316903.0,-1.82,1260971.0,7.25,-652808.0,-3.75,-291261.0,-1.67,160.0,0.785,0.786,255931891.0,201162466,201162466,2026-07-23,2026-07-23 15:34:45+08:00
560290,有色ETF景顺,0.79,0.7899,-0.01,0.023,3.0,179742.0,14163068.0,0.772,0.802,0.762,0.767,5.22,4.5,1.36,-0.79,80092.0,99650.0,2385551.0,16.84,3376802.0,23.84,-991251.0,-7.0,-1964195.0,-13.87,-421357.0,-2.98,-759.0,0.789,0.79,399694000.0,315758260,315758260,2026-07-23,2026-07-23 16:11:43+08:00
560980,光伏龙头ETF广发,0.654,0.6543,0.05,0.019,2.99,305874.0,19758779.0,0.636,0.655,0.635,0.635,3.15,9.14,1.12,5.16,180075.0,125799.0,-1047650.0,-5.3,61265.0,0.31,-1108915.0,-5.61,994719.0,5.03,52932.0,0.27,-3227.0,0.653,0.654,334522000.0,218777388,218777388,2026-07-23,2026-07-23 16:11:34+08:00
560490,工业有色ETF华泰柏瑞,0.933,0.9345,0.16,0.027,2.98,144143.0,13385147.0,0.907,0.947,0.901,0.906,5.08,11.22,1.06,13.4,84039.0,60104.0,-23111.0,-0.17,591053.0,4.42,-614164.0,-4.59,-32395.0,-0.24,55506.0,0.41,-24.0,0.933,0.934,128482000.0,119873706,119873706,2026-07-23,2026-07-23 16:12:01+08:00
563150,油气ETF银华,1.289,1.2839,-0.4,0.037,2.96,20154.0,2574855.0,1.263,1.289,1.26,1.252,2.32,5.39,0.63,4.28,12551.0,7603.0,-144859.0,-5.63,0.0,0.0,-144859.0,-5.63,181288.0,7.04,-36430.0,-1.41,-942.0,1.288,1.289,37399000.0,48207311,48207311,2026-07-23,2026-07-23 16:11:53+08:00
159767,电池龙头ETF兴银,0.77,0.7706,0.08,0.022,2.94,69307.0,5273651.4,0.748,0.771,0.741,0.748,4.01,2.81,0.99,-33.77,42150.0,27157.0,1331199.0,25.24,746371.0,14.15,584828.0,11.09,-876871.0,-16.63,-454328.0,-8.62,291.0,0.769,0.77,246873672.0,190092727,190092727,2026-07-23,2026-07-23 15:34:12+08:00
159029,有色ETF广发,0.88,0.8786,-0.16,0.025,2.92,405213.0,35520352.464,0.856,0.893,0.845,0.855,5.61,11.38,1.84,21.81,294289.0,110924.0,-1629955.0,-4.59,-2534085.0,-7.13,904130.0,2.55,-428028.0,-1.21,2057982.0,5.79,-1768.0,0.88,0.882,356127712.0,313392387,313392387,2026-07-23,2026-07-23 15:34:24+08:00
520870,巴西ETF易方达,1.13,1.1298,-0.02,0.032,2.91,385373.0,43475038.0,1.128,1.13,1.125,1.098,0.46,7.28,1.1,-14.71,210063.0,175309.0,2388934.0,5.49,-3137490.0,-7.22,5526424.0,12.71,-1999772.0,-4.6,-389162.0,-0.9,-6641.0,1.129,1.13,529477200.0,598309236,598309236,2026-07-23,2026-07-23 16:11:41+08:00
159122,创业板新能源ETF富国,0.887,0.8876,0.07,0.025,2.9,29778.0,2600145.236,0.86,0.888,0.859,0.862,3.36,4.57,0.64,-11.52,18135.0,11643.0,341422.0,13.13,-332256.0,-12.78,673678.0,25.91,-270801.0,-10.41,-70620.0,-2.72,-26.0,0.887,0.888,65160935.0,57797749,57797749,2026-07-23,2026-07-23 15:34:00+08:00
560970,工业有色ETF平安,0.924,0.9253,0.14,0.026,2.9,26895.0,2486153.0,0.899,0.938,0.896,0.898,4.68,3.4,0.57,0.08,17454.0,9441.0,562961.0,22.64,0.0,0.0,562961.0,22.64,-345495.0,-13.9,-217465.0,-8.75,-116.0,0.924,0.927,79138000.0,73123512,73123512,2026-07-23,2026-07-23 16:11:47+08:00
159715,稀土ETF易方达,1.109,1.1079,-0.1,0.031,2.88,683454.0,74951482.5,1.082,1.111,1.074,1.078,3.43,12.07,0.82,-36.47,378538.0,304916.0,-1225924.0,-1.64,-2587165.0,-3.45,1361241.0,1.82,1348482.0,1.8,-122558.0,-0.16,1846.0,1.108,1.109,566030272.0,627727572,627727572,2026-07-23,2026-07-23 15:34:36+08:00
159171,工业有色ETF博时,0.786,0.7878,0.23,0.022,2.88,60067.0,4714218.894,0.76,0.799,0.76,0.764,5.1,2.55,1.14,28.66,35483.0,24584.0,1304588.0,27.67,1963048.0,41.64,-658460.0,-13.97,-919542.0,-19.51,-385047.0,-8.17,-100.0,0.786,0.787,235532934.0,185128886,185128886,2026-07-23,2026-07-23 15:34:09+08:00
159123,光伏ETF嘉实,0.895,0.8928,-0.25,0.025,2.87,95596.0,8455081.1,0.871,0.895,0.871,0.87,2.76,2.58,1.09,65.82,52697.0,42899.0,-368982.0,-4.36,-606517.0,-7.17,237535.0,2.81,324817.0,3.84,44165.0,0.52,-51.0,0.895,0.896,371047024.0,332087086,332087086,2026-07-23,2026-07-23 15:34:12+08:00
159857,光伏ETF天弘,0.716,0.7164,0.06,0.02,2.87,1036917.0,73345799.8,0.696,0.717,0.695,0.696,3.16,4.52,0.75,-3.9,555080.0,481837.0,6206317.0,8.46,7202921.0,9.82,-996604.0,-1.36,-3836766.0,-5.23,-2369551.0,-3.23,-5950.0,0.716,0.717,2292515728.0,1641441261,1641441261,2026-07-23,2026-07-23 15:34:48+08:00
159161,工程机械ETF东财,0.968,0.9689,0.09,0.027,2.87,16380.0,1576811.345,0.944,0.969,0.937,0.941,3.4,2.2,0.96,-97.16,10489.0,5891.0,780891.0,49.52,634349.0,40.23,146542.0,9.29,-708086.0,-44.91,-72806.0,-4.62,211.0,0.967,0.968,74331260.0,71952660,71952660,2026-07-23,2026-07-23 15:34:33+08:00
562300,碳中和ETF银华,0.681,0.6842,0.47,0.019,2.87,19074.0,1289694.0,0.66,0.683,0.659,0.662,3.63,3.44,0.97,10.41,8132.0,10942.0,114828.0,8.9,654368.0,50.74,-539540.0,-41.83,-82298.0,-6.38,-32530.0,-2.52,-50.0,0.681,0.683,55495000.0,37792095,37792095,2026-07-23,2026-07-23 16:11:59+08:00
561570,油气ETF华泰柏瑞,1.332,1.3299,-0.16,0.037,2.86,100855.0,13339376.0,1.311,1.332,1.305,1.295,2.08,12.43,0.67,-18.21,63823.0,37032.0,-2391868.0,-17.93,-761928.0,-5.71,-1629940.0,-12.22,275956.0,2.07,2115912.0,15.86,-43.0,1.332,1.334,81147000.0,108087804,108087804,2026-07-23,2026-07-23 16:11:56+08:00
159019,石油ETF华宝,0.903,0.8994,-0.4,0.025,2.85,175680.0,15747486.4,0.882,0.907,0.882,0.878,2.85,35.61,1.05,16.29,103747.0,71933.0,300047.0,1.91,4695221.0,29.82,-4395174.0,-27.91,-367346.0,-2.33,67299.0,0.43,-1.0,0.903,0.907,49327711.0,44542923,44542923,2026-07-23,2026-07-23 15:34:18+08:00
159009,创业板新能源ETF易方达,0.867,0.8672,0.02,0.024,2.85,26400.0,2253810.3,0.829,0.868,0.829,0.843,4.63,4.3,0.6,59.78,14621.0,11779.0,364876.0,16.19,501928.0,22.27,-137052.0,-6.08,-232674.0,-10.32,-132201.0,-5.87,-302.0,0.867,0.868,61392703.0,53227474,53227474,2026-07-23,2026-07-23 15:34:12+08:00
159069,创业板新能源ETF华泰柏瑞,1.01,1.0124,0.24,0.028,2.85,798759.0,80048362.957,0.982,1.012,0.974,0.982,3.87,36.51,2.25,-86.5,592029.0,206730.0,11661454.0,14.57,25203881.0,31.49,-13542427.0,-16.92,-10255519.0,-12.81,-1405935.0,-1.76,227.0,1.009,1.01,218770440.0,220958144,220958144,2026-07-23,2026-07-23 15:34:51+08:00
560870,工业有色ETF中银,0.903,0.9057,0.3,0.025,2.85,70359.0,6303072.0,0.879,0.918,0.874,0.878,5.01,6.81,0.82,-0.19,37049.0,33310.0,363864.0,5.77,0.0,0.0,363864.0,5.77,-170618.0,-2.71,-193246.0,-3.07,-110.0,0.904,0.906,103351900.0,93326766,93326766,2026-07-23,2026-07-23 16:11:54+08:00
520600,港股通汽车ETF广发,1.048,1.043,-0.48,0.029,2.85,1516617.0,156931557.0,1.014,1.048,1.014,1.019,3.34,45.77,0.84,23.2,859492.0,657125.0,5959009.0,3.8,693415.0,0.44,5265594.0,3.36,-2896234.0,-1.85,-3062776.0,-1.95,-7711.0,1.047,1.048,331368000.0,347273664,347273664,2026-07-23,2026-07-23 16:11:44+08:00
159030,粮食ETF华夏,0.804,0.8012,-0.35,0.022,2.81,90672.0,7181113.348,0.78,0.804,0.776,0.782,3.58,3.11,1.12,22.39,71599.0,19073.0,738982.0,10.29,315605.0,4.39,423377.0,5.9,-535038.0,-7.45,-203945.0,-2.84,236.0,0.803,0.804,291468176.0,234340414,234340414,2026-07-23,2026-07-23 15:34:15+08:00
159713,稀土ETF富国,1.208,1.2066,-0.12,0.033,2.81,509105.0,60785228.7,1.165,1.21,1.165,1.175,3.83,9.19,0.76,-33.76,322805.0,186300.0,350406.0,0.58,-3613765.0,-5.95,3964171.0,6.52,672553.0,1.11,-1022958.0,-1.68,-2270.0,1.208,1.209,553755056.0,668936108,668936108,2026-07-23,2026-07-23 15:34:27+08:00
513350,标普油气ETF富国,1.318,1.2535,-5.15,0.036,2.81,16940154.0,2237163752.0,1.313,1.335,1.31,1.282,1.95,207.66,0.73,-24.29,8838684.0,8101470.0,-1774912.0,-0.08,4335440.0,0.19,-6110352.0,-0.27,-12903632.0,-0.58,14678530.0,0.66,-115542.0,1.318,1.319,815746000.0,1075153228,1075153228,2026-07-23,2026-07-23 16:11:53+08:00
516780,稀土ETF华泰柏瑞,0.806,0.8053,-0.09,0.022,2.81,844630.0,67350299.0,0.78,0.808,0.78,0.784,3.57,3.74,0.83,-0.28,449881.0,394749.0,-2654964.0,-3.94,-3860438.0,-5.73,1205474.0,1.79,2434179.0,3.61,220785.0,0.33,-9833.0,0.805,0.806,2258099696.0,1820028355,1820028355,2026-07-23,2026-07-23 16:11:52+08:00
561330,矿业ETF国泰,0.922,0.9219,-0.01,0.025,2.79,960750.0,88233209.0,0.899,0.936,0.89,0.897,5.13,5.59,1.79,11.25,511637.0,449113.0,-9531193.0,-10.8,-2375352.0,-2.69,-7155841.0,-8.11,6899938.0,7.82,2631256.0,2.98,-3892.0,0.921,0.922,1718392096.0,1584357513,1584357513,2026-07-23,2026-07-23 16:11:59+08:00
515040,工业有色ETF华夏,1.032,1.0353,0.32,0.028,2.79,314268.0,32442876.0,0.994,1.051,0.994,1.004,5.68,29.56,1.05,-39.45,201436.0,112832.0,4032889.0,12.43,3813737.0,11.76,219152.0,0.68,-3394445.0,-10.46,-638445.0,-1.97,-1209.0,1.032,1.034,106319600.0,109721827,109721827,2026-07-23,2026-07-23 16:11:52+08:00
159618,光伏ETF华安,0.666,0.6654,-0.09,0.018,2.78,21987.0,1452081.3,0.649,0.666,0.648,0.648,2.78,3.01,0.77,53.44,7622.0,14365.0,-81628.0,-5.62,448813.0,30.91,-530441.0,-36.53,113140.0,7.79,-31513.0,-2.17,123.0,0.665,0.666,73131407.0,48705517,48705517,2026-07-23,2026-07-23 15:34:15+08:00
159129,化工ETF嘉实,1.042,1.0393,-0.26,0.028,2.76,283066.0,29184663.4,1.015,1.042,1.007,1.014,3.45,2.39,1.23,36.34,135316.0,147750.0,853584.0,2.92,4686977.0,16.06,-3833393.0,-13.13,-289566.0,-0.99,-564018.0,-1.93,1663.0,1.041,1.042,1181906592.0,1231546669,1231546669,2026-07-23,2026-07-23 15:34:21+08:00
516290,光伏ETF汇添富,0.522,0.522,0.0,0.014,2.76,354465.0,18295748.0,0.51,0.523,0.508,0.508,2.95,4.69,0.89,12.95,194832.0,159633.0,924554.0,5.05,2191520.0,11.98,-1266966.0,-6.92,-677499.0,-3.7,-247055.0,-1.35,-6233.0,0.521,0.522,755196896.0,394212780,394212780,2026-07-23,2026-07-23 16:11:48+08:00
159641,碳中和ETF招商,1.005,1.005,0.0,0.027,2.76,83472.0,8344839.489,0.969,1.005,0.969,0.978,3.68,8.91,0.99,-3.21,44478.0,38994.0,196277.0,2.35,19588.0,0.23,176689.0,2.12,-145696.0,-1.75,-50582.0,-0.61,12.0,1.001,1.005,93719131.0,94187727,94187727,2026-07-23,2026-07-23 15:34:51+08:00
159210,港股通汽车ETF汇添富,0.857,0.8576,0.07,0.023,2.76,427466.0,36291953.8,0.836,0.857,0.833,0.834,2.88,120.92,1.05,24.14,236856.0,190610.0,1807196.0,4.98,-791692.0,-2.18,2598888.0,7.16,-1596210.0,-4.4,-210986.0,-0.58,1214.0,0.856,0.857,35349802.0,30294780,30294780,2026-07-23,2026-07-23 15:34:00+08:00
159775,电池ETF建信,0.786,0.785,-0.13,0.021,2.75,333070.0,25789694.581,0.765,0.786,0.755,0.765,4.05,4.79,1.29,8.93,192276.0,140794.0,3835062.0,14.87,2717991.0,10.54,1117071.0,4.33,-3652959.0,-14.16,-182103.0,-0.71,841.0,0.785,0.786,695648960.0,546780083,546780083,2026-07-23,2026-07-23 15:34:30+08:00
515210,钢铁ETF国泰,1.16,1.1582,-0.16,0.031,2.75,1408125.0,161792886.0,1.124,1.16,1.122,1.129,3.37,14.57,1.76,8.42,777796.0,630329.0,-6468902.0,-4.0,-6930336.0,-4.28,461434.0,0.29,14234402.0,8.8,-7765501.0,-4.8,-5447.0,1.16,1.161,966226096.0,1120822271,1120822271,2026-07-23,2026-07-23 16:11:35+08:00
516880,光伏ETF银华,0.713,0.7121,-0.13,0.019,2.74,249386.0,17490207.0,0.69,0.713,0.69,0.694,3.31,2.65,0.9,-1.64,139676.0,109710.0,2184607.0,12.49,1121652.0,6.41,1062955.0,6.08,-1063943.0,-6.08,-1120664.0,-6.41,-1962.0,0.711,0.713,939944096.0,670180140,670180140,2026-07-23,2026-07-23 16:11:33+08:00
560710,船舶ETF富国,0.862,0.8615,-0.06,0.023,2.74,651372.0,55505567.0,0.839,0.862,0.837,0.839,2.98,3.25,0.64,-20.7,430207.0,221165.0,13411613.0,24.16,9919552.0,17.87,3492061.0,6.29,-8482879.0,-15.28,-4928736.0,-8.88,-2613.0,0.861,0.862,2001580000.0,1725361960,1725361960,2026-07-23,2026-07-23 16:12:00+08:00
159267,航天ETF华安,0.826,0.8247,-0.16,0.022,2.74,1366314.0,111475546.8,0.801,0.826,0.801,0.804,3.11,4.86,0.87,-32.13,846611.0,519703.0,15924880.0,14.29,11485300.0,10.3,4439580.0,3.98,-10741549.0,-9.64,-5183331.0,-4.65,11916.0,0.825,0.826,2812506128.0,2323130062,2323130062,2026-07-23,2026-07-23 15:34:30+08:00
515970,工程机械ETF华夏,0.861,0.8596,-0.16,0.023,2.74,868326.0,73618835.0,0.835,0.861,0.835,0.838,3.1,10.36,0.88,0.59,506575.0,361751.0,382020.0,0.52,2833720.0,3.85,-2451700.0,-3.33,-85402.0,-0.12,-296619.0,-0.4,-1070.0,0.86,0.861,838088000.0,721593768,721593768,2026-07-23,2026-07-23 16:11:52+08:00
515370,光伏ETF华夏,0.799,0.7981,-0.11,0.021,2.7,296938.0,23420191.0,0.775,0.799,0.775,0.778,3.08,3.08,1.1,-3.45,154803.0,142135.0,562703.0,2.4,775201.0,3.31,-212498.0,-0.91,-782675.0,-3.34,219973.0,0.94,-1493.0,0.798,0.799,963713008.0,770006693,770006693,2026-07-23,2026-07-23 16:11:55+08:00
159861,碳中和50ETF国泰,1.032,1.0322,0.02,0.027,2.69,25479.0,2612477.0,1.02,1.032,1.005,1.005,2.69,2.6,0.51,41.9,14500.0,10979.0,28225.0,1.08,0.0,0.0,28225.0,1.08,-5113.0,-0.2,-23113.0,-0.88,-142.0,1.032,1.033,98117535.0,101257296,101257296,2026-07-23,2026-07-23 15:34:51+08:00
516020,化工ETF华宝,0.846,0.8442,-0.21,0.022,2.67,2778134.0,232294599.0,0.827,0.846,0.819,0.824,3.28,7.21,2.01,-2.51,1567526.0,1210608.0,-9047590.0,-3.89,-47800952.0,-20.58,38753362.0,16.68,10833564.0,4.66,-1785974.0,-0.77,-7830.0,0.845,0.846,3854826208.0,3261182972,3261182972,2026-07-23,2026-07-23 16:11:53+08:00
159227,航空航天ETF华夏,0.969,0.968,-0.1,0.025,2.65,2424552.0,232205202.709,0.938,0.969,0.938,0.944,3.28,4.66,0.79,-19.3,1555818.0,868734.0,33137465.0,14.27,39544640.0,17.03,-6407175.0,-2.76,-27026779.0,-11.64,-6110687.0,-2.63,25500.0,0.968,0.969,5207911168.0,5046465922,5046465922,2026-07-23,2026-07-23 15:34:00+08:00
560280,工程机械ETF广发,1.551,1.5503,-0.05,0.04,2.65,795551.0,122457591.0,1.506,1.554,1.506,1.511,3.18,3.98,0.74,-17.11,488020.0,307531.0,-43424645.0,-35.46,-35017101.0,-28.6,-8407544.0,-6.87,23254540.0,18.99,20170106.0,16.47,-1335.0,1.551,1.552,1998752000.0,3100064352,3100064352,2026-07-23,2026-07-23 16:11:36+08:00
560060,碳中和ETF汇添富,0.932,0.9326,0.06,0.024,2.64,8678.0,802890.0,0.914,0.932,0.914,0.908,1.98,1.14,0.74,17.23,5479.0,3199.0,146896.0,18.3,0.0,0.0,146896.0,18.3,-8428.0,-1.05,-138468.0,-17.25,-58.0,0.931,0.932,76090000.0,70915880,70915880,2026-07-23,2026-07-23 16:11:36+08:00
562970,光伏ETF易方达,0.977,0.9764,-0.06,0.025,2.63,161609.0,15585684.0,0.953,0.977,0.951,0.952,2.73,4.61,0.78,-9.05,69552.0,92057.0,972995.0,6.24,1143141.0,7.33,-170146.0,-1.09,-1039372.0,-6.67,66377.0,0.43,-2628.0,0.976,0.977,350448000.0,342387696,342387696,2026-07-23,2026-07-23 16:12:02+08:00
516120,化工ETF富国,0.866,0.8628,-0.37,0.022,2.61,1857388.0,159087969.0,0.846,0.866,0.837,0.844,3.44,3.56,1.58,15.44,1101559.0,755829.0,-16626827.0,-10.45,-43017901.0,-27.04,26391074.0,16.59,17065193.0,10.73,-438365.0,-0.28,-16470.0,0.865,0.866,5218082048.0,4518859054,4518859054,2026-07-23,2026-07-23 16:11:47+08:00
159864,光伏ETF国泰,0.551,0.5495,-0.27,0.014,2.61,307180.0,16696131.6,0.537,0.552,0.536,0.537,2.98,4.81,0.78,13.33,108969.0,198211.0,221581.0,1.33,1949251.0,11.67,-1727670.0,-10.35,-19845.0,-0.12,-201736.0,-1.21,970.0,0.55,0.551,638526832.0,351828284,351828284,2026-07-23,2026-07-23 15:34:21+08:00
159065,工程机械ETF景顺,0.951,0.9517,0.07,0.024,2.59,9331.0,875973.504,0.929,0.952,0.926,0.927,2.8,0.78,0.17,-21.04,2036.0,7295.0,418852.0,47.82,18941.0,2.16,399911.0,45.65,-259731.0,-29.65,-159121.0,-18.17,-15.0,0.951,0.952,120350818.0,114453628,114453628,2026-07-23,2026-07-23 15:34:45+08:00
159133,化工ETF天弘,1.068,1.0665,-0.14,0.027,2.59,395319.0,41833153.9,1.042,1.068,1.035,1.041,3.17,2.42,1.01,21.92,281060.0,114259.0,1411534.0,3.37,933586.0,2.23,477948.0,1.14,-1163632.0,-2.78,-247901.0,-0.59,1920.0,1.067,1.068,1635413344.0,1746621451,1746621451,2026-07-23,2026-07-23 15:34:21+08:00
589960,科创新能源ETF易方达,0.832,0.8286,-0.41,0.021,2.59,415105.0,33913131.0,0.814,0.832,0.808,0.811,2.96,23.54,1.13,2.96,223477.0,191628.0,1025960.0,3.03,-877518.0,-2.59,1903478.0,5.61,-730161.0,-2.15,-295799.0,-0.87,-1621.0,0.829,0.832,176316000.0,146694912,146694912,2026-07-23,2026-07-23 16:11:39+08:00
159642,碳中和ETF大成,0.952,0.9525,0.05,0.024,2.59,1396.0,132646.9,0.933,0.952,0.932,0.928,2.16,0.62,0.73,-79.22,1172.0,224.0,25859.0,19.49,0.0,0.0,25859.0,19.49,0.0,0.0,-25859.0,-19.49,10.0,0.941,0.954,22439923.0,21362807,21362807,2026-07-23,2026-07-23 15:34:54+08:00
560230,光伏ETF富国,0.759,0.7591,0.01,0.019,2.57,28927.0,2169636.0,0.737,0.76,0.737,0.74,3.11,3.22,0.6,23.48,20337.0,8590.0,332671.0,15.33,142533.0,6.57,190138.0,8.76,-287992.0,-13.27,-44680.0,-2.06,-818.0,0.759,0.76,89889000.0,68225751,68225751,2026-07-23,2026-07-23 16:11:55+08:00
159070,工程机械ETF嘉实,0.959,0.9607,0.18,0.024,2.57,40282.0,3842235.281,0.935,0.961,0.934,0.935,2.89,3.43,0.6,53.3,27681.0,12601.0,1200932.0,31.26,786345.0,20.47,414587.0,10.79,-919709.0,-23.94,-281223.0,-7.32,-51.0,0.959,0.961,117366883.0,112554841,112554841,2026-07-23,2026-07-23 15:34:30+08:00
560560,碳中和ETF泰康,0.679,0.6824,0.5,0.017,2.57,8761.0,591326.0,0.663,0.681,0.663,0.662,2.72,1.17,0.44,22.61,3433.0,5328.0,228901.0,38.71,0.0,0.0,228901.0,38.71,-203838.0,-34.47,-25063.0,-4.24,-1.0,0.681,0.682,75190100.0,51054078,51054078,2026-07-23,2026-07-23 16:11:53+08:00
159863,光伏ETF鹏华,0.56,0.5599,-0.02,0.014,2.56,83819.0,4647236.8,0.547,0.562,0.547,0.546,2.75,2.72,0.89,-22.75,43669.0,40150.0,1153346.0,24.82,385867.0,8.3,767479.0,16.51,-617751.0,-13.29,-535597.0,-11.53,-475.0,0.56,0.561,307729360.0,172328442,172328442,2026-07-23,2026-07-23 15:34:54+08:00
159177,工程机械ETF鹏华,0.967,0.9682,0.12,0.024,2.55,92564.0,8864435.951,0.936,0.968,0.936,0.943,3.39,18.29,0.69,-4.54,50234.0,42330.0,32096.0,0.36,0.0,0.0,32096.0,0.36,165350.0,1.87,-197445.0,-2.23,-25.0,0.967,0.968,50619279.0,48948843,48948843,2026-07-23,2026-07-23 15:34:27+08:00
560550,碳中和ETF广发,0.966,0.9677,0.18,0.024,2.55,3799.0,364890.0,0.942,0.966,0.942,0.942,2.55,0.3,0.53,3.86,2663.0,1136.0,289483.0,79.33,312318.0,85.59,-22835.0,-6.26,-159568.0,-43.73,-129915.0,-35.6,-30.0,0.965,0.967,127597400.0,123259088,123259088,2026-07-23,2026-07-23 16:11:46+08:00
159639,碳中和ETF南方,0.965,0.9657,0.07,0.024,2.55,93204.0,8912431.364,0.941,0.965,0.939,0.941,2.76,4.45,1.02,-36.39,44560.0,48644.0,589001.0,6.61,575391.0,6.46,13610.0,0.15,-366753.0,-4.12,-222249.0,-2.49,94.0,0.964,0.965,209290171.0,201965015,201965015,2026-07-23,2026-07-23 15:34:15+08:00
588960,科创新能源ETF富国,1.084,1.0809,-0.29,0.027,2.55,96148.0,10261506.0,1.066,1.084,1.055,1.057,2.74,6.6,1.12,-21.72,64642.0,31506.0,-166941.0,-1.63,-357299.0,-3.48,190358.0,1.86,-100963.0,-0.98,267905.0,2.61,-480.0,1.082,1.084,145579800.0,157808503,157808503,2026-07-23,2026-07-23 16:11:55+08:00
516440,工程机械ETF南方,0.971,0.9715,0.05,0.024,2.53,57523.0,5537039.0,0.946,0.973,0.946,0.947,2.85,3.4,0.99,-8.74,34164.0,23359.0,893647.0,16.14,289152.0,5.22,604495.0,10.92,-668138.0,-12.07,-225509.0,-4.07,-100.0,0.971,0.972,169126600.0,164221929,164221929,2026-07-23,2026-07-23 16:11:53+08:00
159745,建材ETF国泰,0.527,0.5255,-0.29,0.013,2.53,1451699.0,75566633.1,0.514,0.527,0.51,0.514,3.31,11.38,1.37,10.35,816863.0,634836.0,-5108742.0,-6.76,-11488156.0,-15.2,6379414.0,8.44,2108720.0,2.79,3000022.0,3.97,2288.0,0.526,0.527,1275688272.0,672287719,672287719,2026-07-23,2026-07-23 15:34:57+08:00
159163,有色ETF泰康,0.73,0.7328,0.38,0.018,2.53,266980.0,19501156.631,0.712,0.744,0.707,0.712,5.2,10.2,2.58,-0.87,162023.0,104957.0,1061776.0,5.44,-1762679.0,-9.04,2824455.0,14.48,-626662.0,-3.21,-435113.0,-2.23,-197.0,0.73,0.732,261807013.0,191119119,191119119,2026-07-23,2026-07-23 15:34:36+08:00
516250,工程机械ETF富国,0.976,0.9763,0.03,0.024,2.52,151307.0,14656683.0,0.952,0.979,0.948,0.952,3.26,12.52,1.4,4.12,90152.0,61155.0,-3249526.0,-22.17,-1835419.0,-12.52,-1414107.0,-9.65,3295011.0,22.48,-45484.0,-0.31,-15.0,0.974,0.976,120878000.0,117976928,117976928,2026-07-23,2026-07-23 16:11:35+08:00
512580,环保ETF广发,1.181,1.1838,0.24,0.029,2.52,78327.0,9124094.0,1.142,1.181,1.142,1.152,3.39,1.37,0.88,19.41,33761.0,44566.0,1774309.0,19.45,1045918.0,11.46,728391.0,7.98,-150715.0,-1.65,-1623593.0,-17.79,-935.0,1.181,1.182,573271696.0,677033873,677033873,2026-07-23,2026-07-23 16:11:56+08:00
159690,有色矿业ETF招商,1.877,1.8821,0.27,0.046,2.51,168975.0,31464418.325,1.831,1.912,1.818,1.831,5.13,5.72,1.09,21.43,85530.0,83445.0,4651921.0,14.78,1684112.0,5.35,2967809.0,9.43,-7479156.0,-23.77,2827234.0,8.99,-839.0,1.877,1.88,295163984.0,554022798,554022798,2026-07-23,2026-07-23 15:34:51+08:00
159038,粮食ETF易方达,0.858,0.8574,-0.07,0.021,2.51,123377.0,10393358.674,0.837,0.858,0.829,0.837,3.46,6.97,1.7,-37.93,69739.0,53638.0,215812.0,2.08,64675.0,0.62,151137.0,1.45,-13556.0,-0.13,-202256.0,-1.95,392.0,0.857,0.858,177026939.0,151889114,151889114,2026-07-23,2026-07-23 15:34:36+08:00
159609,光伏ETF浦银,0.49,0.4895,-0.1,0.012,2.51,219715.0,10637267.2,0.478,0.491,0.474,0.478,3.56,6.85,0.96,-80.18,130123.0,89592.0,933337.0,8.77,2492869.0,23.44,-1559532.0,-14.66,-958156.0,-9.01,24818.0,0.23,84.0,0.489,0.49,320903408.0,157242670,157242670,2026-07-23,2026-07-23 15:34:00+08:00
159060,粮食ETF浦银,0.944,0.9458,0.19,0.023,2.5,14800.0,1378482.7,0.913,0.945,0.913,0.921,3.47,1.99,0.92,-90.01,11237.0,3563.0,111384.0,8.08,929644.0,67.44,-818260.0,-59.36,-150630.0,-10.93,39246.0,2.85,-500.0,0.942,0.949,74483423.0,70312351,70312351,2026-07-23,2026-07-23 15:34:42+08:00
159787,建材ETF易方达,0.577,0.578,0.17,0.014,2.49,29815.0,1700494.7,0.566,0.578,0.562,0.563,2.84,2.23,0.93,-30.32,17239.0,12576.0,475576.0,27.97,96290.0,5.66,379286.0,22.3,-505086.0,-29.7,29510.0,1.74,210.0,0.575,0.577,133521633.0,77041982,77041982,2026-07-23,2026-07-23 15:34:51+08:00
159640,碳中和龙头ETF工银,0.945,0.9468,0.19,0.023,2.49,27354.0,2558599.9,0.92,0.946,0.92,0.922,2.82,4.57,0.88,0.03,9531.0,17823.0,-16543.0,-0.65,0.0,0.0,-16543.0,-0.65,90755.0,3.55,-74213.0,-2.9,-107.0,0.943,0.946,59845198.0,56553712,56553712,2026-07-23,2026-07-23 15:34:12+08:00
159033,粮食ETF国泰,0.909,0.9087,-0.03,0.022,2.48,266448.0,23729335.6,0.882,0.909,0.879,0.887,3.38,14.38,1.13,-2.46,137668.0,128780.0,781625.0,3.29,2012476.0,8.48,-1230851.0,-5.19,-446012.0,-1.88,-335613.0,-1.41,-66.0,0.909,0.91,185323473.0,168459037,168459037,2026-07-23,2026-07-23 15:34:18+08:00
159241,航空航天ETF天弘,0.991,0.9913,0.03,0.024,2.48,1016223.0,99670742.8,0.962,0.993,0.962,0.967,3.21,7.76,0.99,-6.99,590124.0,426099.0,9903632.0,9.94,8548194.0,8.58,1355438.0,1.36,-5534584.0,-5.55,-4369049.0,-4.38,-3550.0,0.991,0.992,1310074272.0,1298283604,1298283604,2026-07-23,2026-07-23 15:34:12+08:00
159323,港股通汽车ETF华夏,1.074,1.0751,0.1,0.026,2.48,1546317.0,164567815.7,1.048,1.075,1.043,1.048,3.05,159.25,0.95,-37.49,836809.0,709508.0,6913143.0,4.2,-1558451.0,-0.95,8471594.0,5.15,-5402918.0,-3.28,-1510225.0,-0.92,4174.0,1.073,1.074,97097378.0,104282584,104282584,2026-07-23,2026-07-23 15:34:42+08:00
159535,中证2000ETF嘉实,1.324,1.3254,0.11,0.032,2.48,226743.0,29628824.8,1.293,1.324,1.279,1.292,3.48,64.82,2.1,-10.43,134504.0,92239.0,-3366859.0,-11.36,-7812097.0,-26.37,4445238.0,15.0,3356855.0,11.33,10005.0,0.03,-20.0,1.324,1.327,34981088.0,46314961,46314961,2026-07-23,2026-07-23 15:34:24+08:00
561250,稀有金属ETF鹏华,0.992,0.9958,0.38,0.024,2.48,261458.0,25722545.0,0.968,1.0,0.96,0.968,4.13,13.02,0.74,-70.38,186822.0,74636.0,-298444.0,-1.16,4104363.0,15.96,-4402807.0,-17.12,-148084.0,-0.58,446529.0,1.74,-1261.0,0.991,0.992,200752200.0,199146182,199146182,2026-07-23,2026-07-23 16:11:48+08:00
159553,中证2000增强ETF海富通,1.66,1.6593,-0.04,0.04,2.47,10470.0,1721414.5,1.623,1.66,1.623,1.62,2.28,6.41,0.72,10.07,6050.0,4420.0,-182587.0,-10.61,0.0,0.0,-182587.0,-10.61,404482.0,23.5,-221895.0,-12.89,50.0,1.658,1.66,16326751.0,27102407,27102407,2026-07-23,2026-07-23 15:34:36+08:00
516070,低碳ETF易方达,0.58,0.5815,0.26,0.014,2.47,72995.0,4191920.0,0.566,0.582,0.565,0.566,3.0,2.4,0.9,11.17,42637.0,30358.0,255997.0,6.11,802763.0,19.15,-546766.0,-13.04,-210383.0,-5.02,-45615.0,-1.09,-25.0,0.58,0.581,303646000.0,176114680,176114680,2026-07-23,2026-07-23 16:11:54+08:00
159208,航空航天ETF万家,1.005,1.0058,0.08,0.024,2.45,216512.0,21585682.1,0.973,1.007,0.973,0.981,3.47,5.84,0.94,-53.31,142828.0,73684.0,1378098.0,6.38,-1689849.0,-7.83,3067947.0,14.21,-453999.0,-2.1,-924100.0,-4.28,1813.0,1.004,1.005,370462784.0,372315098,372315098,2026-07-23,2026-07-23 15:34:48+08:00
159100,巴西ETF华夏,1.129,1.1344,0.48,0.027,2.45,378514.0,42825282.92,1.13,1.137,1.129,1.102,0.73,8.11,1.69,-76.67,158015.0,220498.0,2844194.0,6.64,-5517149.0,-12.88,8361343.0,19.52,-277626.0,-0.65,-2566567.0,-5.99,-7192.0,1.129,1.13,466546928.0,526731482,526731482,2026-07-23,2026-07-23 15:34:45+08:00
516220,化工ETF国泰,0.884,0.8812,-0.32,0.021,2.43,174266.0,15178852.0,0.86,0.884,0.854,0.863,3.48,5.94,1.21,2.1,95733.0,78533.0,634411.0,4.18,-1171254.0,-7.72,1805665.0,11.9,-512885.0,-3.38,-121527.0,-0.8,-1842.0,0.883,0.884,293170000.0,259162280,259162280,2026-07-23,2026-07-23 16:11:38+08:00
159138,工程机械ETF易方达,0.928,0.9299,0.2,0.022,2.43,201898.0,18638869.93,0.91,0.93,0.903,0.906,2.98,6.39,0.93,-65.3,101767.0,100131.0,1173457.0,6.3,724395.0,3.89,449062.0,2.41,-986814.0,-5.29,-186643.0,-1.0,300.0,0.922,0.928,315767920.0,293032630,293032630,2026-07-23,2026-07-23 15:34:03+08:00
560310,光伏ETF博时,0.76,0.7595,-0.07,0.018,2.43,26963.0,2030352.0,0.742,0.761,0.74,0.742,2.83,1.48,1.06,14.08,19433.0,7530.0,116593.0,5.74,485919.0,23.93,-369326.0,-18.19,-51758.0,-2.55,-64836.0,-3.19,-20.0,0.758,0.76,182122000.0,138412720,138412720,2026-07-23,2026-07-23 16:11:44+08:00
159944,材料ETF广发,1.433,1.4362,0.22,0.034,2.43,34760.0,4964259.9,1.386,1.446,1.386,1.399,4.29,9.76,0.43,-8.59,23833.0,10927.0,-818529.0,-16.49,0.0,0.0,-818529.0,-16.49,643478.0,12.96,175051.0,3.53,-96.0,1.433,1.438,35608342.0,51026754,51026754,2026-07-23,2026-07-23 15:34:18+08:00
561190,碳中和ETF富国,0.975,0.976,0.1,0.023,2.42,41866.0,4029620.0,0.96,0.975,0.948,0.952,2.84,2.09,0.93,-1.24,30015.0,11851.0,696021.0,17.27,888763.0,22.06,-192742.0,-4.78,-582981.0,-14.47,-113040.0,-2.81,-102.0,0.974,0.975,200318000.0,195310050,195310050,2026-07-23,2026-07-23 16:11:38+08:00
159237,港股汽车ETF工银,0.889,0.8916,0.29,0.021,2.42,298048.0,26175098.2,0.875,0.89,0.865,0.868,2.88,105.19,1.04,52.45,166622.0,131426.0,43660.0,0.17,-564662.0,-2.16,608322.0,2.32,66201.0,0.25,-109861.0,-0.42,190.0,0.888,0.889,28334226.0,25189127,25189127,2026-07-23,2026-07-23 15:34:48+08:00
159587,粮食ETF广发,1.1,1.0996,-0.04,0.026,2.42,129490.0,14045275.7,1.074,1.1,1.065,1.074,3.26,8.55,1.03,17.37,78205.0,51285.0,1218254.0,8.67,0.0,0.0,1218254.0,8.67,-598134.0,-4.26,-620119.0,-4.42,513.0,1.099,1.1,151447031.0,166591734,166591734,2026-07-23,2026-07-23 15:34:51+08:00
520780,港股通汽车ETF华宝,0.846,0.8437,-0.27,0.02,2.42,286886.0,24044015.0,0.823,0.847,0.823,0.826,2.91,70.91,1.07,0.88,155371.0,131515.0,500922.0,2.08,374644.0,1.56,126278.0,0.53,-588522.0,-2.45,87600.0,0.36,-34.0,0.846,0.847,40460000.0,34229160,34229160,2026-07-23,2026-07-23 16:11:59+08:00
159031,粮食ETF博时,0.894,0.8942,0.02,0.021,2.41,53634.0,4733370.97,0.875,0.96,0.868,0.873,10.54,1.06,1.75,0.32,31208.0,22426.0,348423.0,7.36,-1183156.0,-25.0,1531579.0,32.36,-327675.0,-6.92,-20748.0,-0.44,-184.0,0.894,0.895,504028624.0,450601590,450601590,2026-07-23,2026-07-23 15:34:27+08:00
561030,工程机械ETF华泰柏瑞,0.895,0.895,0.0,0.021,2.4,77537.0,6884301.0,0.874,0.895,0.866,0.874,3.32,3.94,1.0,-3.21,47467.0,30070.0,125737.0,1.83,0.0,0.0,125737.0,1.83,74296.0,1.08,-200033.0,-2.91,-193.0,0.893,0.895,196550000.0,175912250,175912250,2026-07-23,2026-07-23 16:11:49+08:00
516230,光伏ETF招商,0.771,0.7711,0.01,0.018,2.39,162829.0,12371540.0,0.753,0.772,0.751,0.753,2.79,2.23,1.81,-4.12,94304.0,68525.0,723469.0,5.85,394866.0,3.19,328603.0,2.66,-605867.0,-4.9,-117602.0,-0.95,-108.0,0.77,0.771,728921008.0,561998097,561998097,2026-07-23,2026-07-23 16:11:36+08:00
159072,粮食ETF景顺,1.031,1.0357,0.45,0.024,2.38,338798.0,34592094.141,1.007,1.031,1.0,1.007,3.08,26.0,0.77,-11.69,193114.0,145685.0,7880341.0,22.78,2356718.0,6.81,5523623.0,15.97,-6582177.0,-19.03,-1298164.0,-3.75,194.0,1.03,1.031,130285157.0,134323997,134323997,2026-07-23,2026-07-23 15:34:57+08:00
516180,光伏ETF平安,0.691,0.6917,0.1,0.016,2.37,140239.0,9588443.0,0.671,0.693,0.671,0.675,3.26,8.88,1.19,-0.35,52249.0,87990.0,623396.0,6.5,390006.0,4.07,233390.0,2.43,-583307.0,-6.08,-40090.0,-0.42,-200.0,0.691,0.692,157987000.0,109169017,109169017,2026-07-23,2026-07-23 16:11:52+08:00
159518,标普油气ETF嘉实,1.227,1.1946,-2.71,0.028,2.34,7836955.0,961668856.3,1.225,1.238,1.22,1.199,1.5,47.75,0.88,-6.47,4050957.0,3785998.0,-54604834.0,-5.68,-13110930.0,-1.36,-41493904.0,-4.31,38110502.0,3.96,16494329.0,1.72,72814.0,1.226,1.227,1641325376.0,2013906236,2013906236,2026-07-23,2026-07-23 15:34:21+08:00
159870,化工ETF鹏华,0.791,0.7916,0.08,0.018,2.33,7211089.0,564846626.612,0.771,0.792,0.767,0.773,3.23,4.01,1.04,-41.95,4336747.0,2874342.0,5044486.0,0.89,35028384.0,6.2,-29983898.0,-5.31,5652875.0,1.0,-10697352.0,-1.89,103886.0,0.79,0.791,17996107008.0,14234920643,14234920643,2026-07-23,2026-07-23 15:34:30+08:00
520680,港股通汽车ETF南方,0.839,0.839,0.0,0.019,2.32,53300.0,4427293.0,0.822,0.84,0.817,0.82,2.8,8.03,1.01,-4.66,34894.0,18406.0,352187.0,7.95,0.0,0.0,352187.0,7.95,-183955.0,-4.16,-168232.0,-3.8,-16.0,0.84,0.841,66369000.0,55683591,55683591,2026-07-23,2026-07-23 16:11:51+08:00
159790,碳中和ETF华夏,0.705,0.7082,0.45,0.016,2.32,387533.0,27105886.1,0.689,0.708,0.686,0.689,3.19,2.42,0.6,-33.87,164463.0,223070.0,3136525.0,11.57,4296130.0,15.85,-1159605.0,-4.28,-1122224.0,-4.14,-2014301.0,-7.43,-1894.0,0.705,0.706,1602528480.0,1129782578,1129782578,2026-07-23,2026-07-23 15:34:54+08:00
159049,有色ETF工银,0.969,0.9711,0.22,0.022,2.32,180000.0,17497072.491,0.922,0.986,0.922,0.947,6.76,8.91,1.44,39.24,127380.0,52620.0,83016.0,0.47,-1901204.0,-10.87,1984220.0,11.34,-71572.0,-0.41,-11444.0,-0.07,542.0,0.966,0.969,202073319.0,195809046,195809046,2026-07-23,2026-07-23 15:34:24+08:00
515790,光伏ETF华泰柏瑞,0.839,0.8413,0.27,0.019,2.32,3116419.0,259175842.0,0.816,0.842,0.816,0.82,3.17,5.07,0.77,-43.0,1750867.0,1365552.0,11147120.0,4.3,17239933.0,6.65,-6092813.0,-2.35,-10054137.0,-3.88,-1092984.0,-0.42,-47153.0,0.839,0.84,6149494016.0,5159425479,5159425479,2026-07-23,2026-07-23 16:12:00+08:00
159698,粮食ETF鹏华,0.856,0.8556,-0.05,0.019,2.27,493364.0,41634213.716,0.837,0.858,0.828,0.837,3.58,4.86,1.03,24.71,286119.0,207245.0,3682600.0,8.85,3488768.0,8.38,193832.0,0.47,-1993982.0,-4.79,-1688619.0,-4.06,-1487.0,0.856,0.857,1015944384.0,869648393,869648393,2026-07-23,2026-07-23 15:34:57+08:00
159543,国证2000ETF工银,1.358,1.3626,0.34,0.03,2.26,19569.0,2629190.8,1.338,1.362,1.335,1.328,2.03,4.24,0.82,-53.33,10935.0,8634.0,636989.0,24.23,0.0,0.0,636989.0,24.23,-496581.0,-18.89,-140408.0,-5.34,8.0,1.354,1.358,46196551.0,62734916,62734916,2026-07-23,2026-07-23 15:34:30+08:00
520720,港股汽车ETF国泰,0.768,0.7683,0.04,0.017,2.26,152574.0,11641746.0,0.752,0.771,0.748,0.751,3.06,12.21,0.6,13.01,92309.0,60265.0,592352.0,5.09,-23470.0,-0.2,615822.0,5.29,-358998.0,-3.08,-233354.0,-2.0,-130.0,0.768,0.77,124942000.0,95955456,95955456,2026-07-23,2026-07-23 16:11:50+08:00
560920,工程机械ETF招商,1.001,1.0026,0.16,0.022,2.25,50822.0,5045500.0,0.976,1.003,0.975,0.979,2.86,8.86,1.43,5.89,37716.0,13106.0,826076.0,16.37,-157233.0,-3.12,983309.0,19.49,-595199.0,-11.8,-230877.0,-4.58,-10.0,1.001,1.002,57373300.0,57430673,57430673,2026-07-23,2026-07-23 16:11:43+08:00
159063,粮食ETF南方,0.961,0.9615,0.05,0.021,2.23,37753.0,3606134.665,0.931,0.961,0.931,0.94,3.19,5.43,0.51,8.83,26434.0,11319.0,197562.0,5.48,-402903.0,-11.17,600465.0,16.65,-137150.0,-3.8,-60412.0,-1.68,53.0,0.961,0.965,69486647.0,66776668,66776668,2026-07-23,2026-07-23 15:34:33+08:00
159230,通用航空ETF华夏,0.922,0.922,0.0,0.02,2.22,157665.0,14399413.9,0.902,0.922,0.902,0.902,2.22,5.02,0.83,19.25,77160.0,80505.0,1176404.0,8.17,1432992.0,9.95,-256588.0,-1.78,-1075843.0,-7.47,-100560.0,-0.7,-842.0,0.922,0.924,314304224.0,289788495,289788495,2026-07-23,2026-07-23 15:34:00+08:00
159239,港股通汽车ETF富国,0.791,0.7922,0.15,0.017,2.2,79270.0,6213234.0,0.774,0.791,0.77,0.774,2.71,10.97,0.41,-25.48,47245.0,32025.0,541922.0,8.72,198952.0,3.2,342970.0,5.52,-143480.0,-2.31,-398443.0,-6.41,150.0,0.79,0.791,72280753.0,57174076,57174076,2026-07-23,2026-07-23 15:34:09+08:00
520730,港股通汽车ETF万家,0.79,0.788,-0.25,0.017,2.2,42462.0,3323237.0,0.772,0.79,0.772,0.773,2.33,3.41,1.2,-1.16,25871.0,16591.0,123545.0,3.72,-504471.0,-15.18,628016.0,18.9,-106939.0,-3.22,-16606.0,-0.5,-100.0,0.79,0.791,124394400.0,98271576,98271576,2026-07-23,2026-07-23 16:11:35+08:00
562990,碳中和ETF易方达,0.974,0.9755,0.15,0.021,2.2,60752.0,5863169.0,0.953,0.975,0.948,0.953,2.83,1.57,0.85,-1.13,32601.0,28151.0,870184.0,14.84,1032943.0,17.62,-162759.0,-2.78,-546179.0,-9.32,-324006.0,-5.53,-36.0,0.974,0.975,386756000.0,376700344,376700344,2026-07-23,2026-07-23 16:11:58+08:00
159616,农牧ETF建信,0.792,0.7891,-0.37,0.017,2.19,66289.0,5174256.1,0.772,0.792,0.768,0.775,3.1,9.39,0.51,64.29,32845.0,33444.0,478282.0,9.24,0.0,0.0,478282.0,9.24,-371731.0,-7.18,-106551.0,-2.06,800.0,0.791,0.792,70561112.0,55884401,55884401,2026-07-23,2026-07-23 15:34:12+08:00
561370,中证2000ETF国泰,1.272,1.2693,-0.21,0.027,2.17,25033.0,3143882.0,1.244,1.275,1.242,1.245,2.65,8.83,0.9,11.83,14086.0,10947.0,161469.0,5.14,278784.0,8.87,-117315.0,-3.73,-29531.0,-0.94,-131939.0,-4.2,-20.0,1.268,1.272,28356000.0,36068832,36068832,2026-07-23,2026-07-23 16:11:38+08:00
513140,港股通金融ETF华泰柏瑞,1.699,1.692,-0.41,0.036,2.16,330424.0,55795750.0,1.671,1.699,1.66,1.663,2.35,39.63,0.93,-1.75,182301.0,148123.0,-2561649.0,-4.59,188154.0,0.34,-2749803.0,-4.93,-232778.0,-0.42,2794427.0,5.01,-1075.0,1.698,1.699,83368000.0,141642232,141642232,2026-07-23,2026-07-23 16:11:42+08:00
516750,建材ETF富国,0.573,0.5732,0.03,0.012,2.14,164952.0,9371201.0,0.557,0.573,0.557,0.561,2.85,10.77,1.13,7.23,83969.0,80983.0,741519.0,7.91,301818.0,3.22,439701.0,4.69,-596566.0,-6.37,-144952.0,-1.55,-65.0,0.573,0.574,153167300.0,87764863,87764863,2026-07-23,2026-07-23 16:12:00+08:00
159731,石化ETF华夏,0.918,0.9171,-0.1,0.019,2.11,628337.0,57218770.9,0.907,0.918,0.894,0.899,2.67,8.53,1.03,-5.78,424177.0,204160.0,-11476983.0,-20.06,-5241161.0,-9.16,-6235822.0,-10.9,6111482.0,10.68,5365501.0,9.38,105.0,0.917,0.918,736375808.0,675992992,675992992,2026-07-23,2026-07-23 15:34:33+08:00
513090,香港证券ETF易方达,1.897,1.8948,-0.12,0.039,2.1,34029733.0,6423576244.0,1.865,1.906,1.858,1.858,2.58,33.11,0.9,-13.52,19072254.0,14957480.0,287738224.0,4.48,312797280.0,4.87,-25059056.0,-0.39,-152810640.0,-2.38,-134927568.0,-2.1,-192979.0,1.896,1.897,10276487936.0,19494497615,19494497615,2026-07-23,2026-07-23 16:12:02+08:00
159720,智能车ETF泰康,0.737,0.7377,0.09,0.015,2.08,4468.0,325961.1,0.721,0.737,0.717,0.722,2.77,1.0,0.36,-20.68,2380.0,2088.0,-19983.0,-6.13,0.0,0.0,-19983.0,-6.13,48533.0,14.89,-28550.0,-8.76,400.0,0.736,0.737,44812357.0,33026707,33026707,2026-07-23,2026-07-23 15:34:30+08:00
159378,通用航空ETF永赢,0.981,0.9826,0.16,0.02,2.08,484994.0,47068130.175,0.961,0.982,0.961,0.961,2.19,8.66,1.71,-31.96,217451.0,267543.0,-22935430.0,-48.73,-9497473.0,-20.18,-13437957.0,-28.55,2480439.0,5.27,20454990.0,43.46,-530.0,0.981,0.982,559771072.0,549135422,549135422,2026-07-23,2026-07-23 15:34:36+08:00
513750,港股通非银ETF广发,1.567,1.559,-0.51,0.032,2.08,3784769.0,588300640.0,1.544,1.569,1.537,1.535,2.08,3.79,0.68,13.24,2083030.0,1701739.0,6870819.0,1.17,-12195389.0,-2.07,19066208.0,3.24,-470011.0,-0.08,-6400818.0,-1.09,-18104.0,1.566,1.567,9978838016.0,15636839171,15636839171,2026-07-23,2026-07-23 16:11:50+08:00
159277,港股通红利ETF富国,0.988,0.9879,-0.01,0.02,2.07,70330.0,6923491.672,0.966,0.988,0.966,0.968,2.27,17.78,1.8,-8.77,45940.0,24390.0,177440.0,2.56,0.0,0.0,177440.0,2.56,-210781.0,-3.04,33341.0,0.48,191.0,0.985,0.988,39557011.0,39082327,39082327,2026-07-23,2026-07-23 15:34:33+08:00
516380,智能电动车ETF华宝,0.897,0.8949,-0.23,0.018,2.05,29609.0,2628129.0,0.88,0.923,0.872,0.879,5.8,3.73,2.77,9.19,18775.0,10834.0,-133740.0,-5.09,436670.0,16.62,-570410.0,-21.7,174797.0,6.65,-41057.0,-1.56,-50.0,0.895,0.897,79449300.0,71266022,71266022,2026-07-23,2026-07-23 16:12:00+08:00
159562,黄金股ETF华夏,2.051,2.0477,-0.16,0.041,2.04,1235135.0,251714251.723,2.03,2.092,1.998,2.01,4.68,5.67,1.4,-7.6,700957.0,534178.0,-1633196.0,-0.65,3866394.0,1.54,-5499590.0,-2.18,3184713.0,1.27,-1551517.0,-0.62,-7000.0,2.051,2.052,2178130512.0,4467345680,4467345680,2026-07-23,2026-07-23 15:34:39+08:00
159392,航空ETF富国,0.903,0.9038,0.09,0.018,2.03,45295.0,4051539.6,0.884,0.904,0.884,0.885,2.26,2.43,0.52,-21.69,30512.0,14783.0,300711.0,7.42,183299.0,4.52,117412.0,2.9,-228697.0,-5.64,-72013.0,-1.78,-279.0,0.903,0.904,186285500.0,168215807,168215807,2026-07-23,2026-07-23 15:34:33+08:00
563320,通用航空ETF华泰柏瑞,0.822,0.8213,-0.09,0.016,1.99,144367.0,11757253.0,0.807,0.824,0.806,0.806,2.23,6.12,0.58,-1.04,93030.0,51337.0,1139597.0,9.69,-270108.0,-2.3,1409705.0,11.99,-1049827.0,-8.93,-89769.0,-0.76,-200.0,0.822,0.823,235892000.0,193903224,193903224,2026-07-23,2026-07-23 16:11:37+08:00
561660,通用航空ETF平安,0.874,0.8738,-0.02,0.017,1.98,47683.0,4127649.0,0.857,0.874,0.857,0.857,1.98,6.74,0.77,-2.7,29070.0,18613.0,295450.0,7.16,0.0,0.0,295450.0,7.16,-182511.0,-4.42,-112939.0,-2.74,-64.0,0.872,0.874,70710000.0,61800540,61800540,2026-07-23,2026-07-23 16:11:46+08:00
159257,航空ETF汇添富,0.83,0.8308,0.1,0.016,1.97,80731.0,6655828.1,0.82,0.831,0.814,0.814,2.09,5.33,1.15,33.56,47858.0,32873.0,582261.0,8.75,0.0,0.0,582261.0,8.75,-502811.0,-7.55,-79451.0,-1.19,140.0,0.829,0.83,151416949.0,125676068,125676068,2026-07-23,2026-07-23 15:34:03+08:00
562660,中证2000ETF华夏,1.664,1.6625,-0.09,0.032,1.96,247046.0,40501180.0,1.621,1.664,1.62,1.632,2.7,9.33,0.55,-59.08,135355.0,111691.0,2547176.0,6.29,-996644.0,-2.46,3543820.0,8.75,-2554284.0,-6.31,7108.0,0.02,-774.0,1.663,1.664,264874000.0,440750336,440750336,2026-07-23,2026-07-23 16:11:35+08:00
159542,工程机械ETF大成,1.362,1.3677,0.42,0.026,1.95,30315.0,4096716.8,1.333,1.369,1.331,1.336,2.84,18.27,0.97,35.03,16016.0,14299.0,87164.0,2.13,0.0,0.0,87164.0,2.13,-37590.0,-0.92,-49574.0,-1.21,-11.0,1.362,1.366,16592850.0,22599462,22599462,2026-07-23,2026-07-23 15:34:27+08:00
563870,通用航空ETF鹏华,0.632,0.6334,0.22,0.012,1.94,12603.0,791644.0,0.62,0.634,0.618,0.62,2.58,1.07,0.35,-18.73,7924.0,4679.0,-12269.0,-1.55,51728.0,6.53,-63997.0,-8.08,64436.0,8.14,-52167.0,-6.59,-12.0,0.631,0.632,117303900.0,74136065,74136065,2026-07-23,2026-07-23 16:11:58+08:00
512670,国防ETF鹏华,0.735,0.7351,0.01,0.014,1.94,977907.0,71382592.0,0.719,0.736,0.719,0.721,2.36,4.28,0.73,-16.95,492061.0,485846.0,8536252.0,11.96,6880300.0,9.64,1655952.0,2.32,-1499838.0,-2.1,-7036414.0,-9.86,-7662.0,0.735,0.736,2285652608.0,1679954667,1679954667,2026-07-23,2026-07-23 16:11:46+08:00
159679,中证1000增强ETF国泰,1.158,1.1582,0.02,0.022,1.94,57140.0,6571999.1,1.14,1.16,1.126,1.136,2.99,10.33,0.95,-70.09,21075.0,36065.0,551603.0,8.39,574500.0,8.74,-22897.0,-0.35,-508578.0,-7.74,-43025.0,-0.65,-1089.0,1.158,1.159,55289156.0,64024843,64024843,2026-07-23,2026-07-23 15:34:45+08:00
159302,港股高股息ETF银华,1.317,1.3176,0.05,0.025,1.93,45383.0,5943027.2,1.295,1.317,1.294,1.292,1.78,7.85,1.17,16.84,24596.0,20787.0,439667.0,7.4,0.0,0.0,439667.0,7.4,-190748.0,-3.21,-248919.0,-4.19,10.0,1.316,1.317,57797609.0,76119451,76119451,2026-07-23,2026-07-23 15:34:45+08:00
159127,港股通红利ETF南方,0.955,0.9576,0.27,0.018,1.92,153523.0,14622860.436,0.938,0.956,0.93,0.937,2.77,8.42,1.17,-11.29,89179.0,64344.0,-27870.0,-0.19,-1901018.0,-13.0,1873148.0,12.81,236114.0,1.61,-208245.0,-1.42,-1223.0,0.955,0.956,182344268.0,174138776,174138776,2026-07-23,2026-07-23 15:34:48+08:00
563380,航空航天ETF华泰柏瑞,0.904,0.9041,0.01,0.017,1.92,448496.0,40261324.0,0.883,0.906,0.882,0.887,2.71,4.54,0.67,-15.14,262104.0,186392.0,4103961.0,10.19,4383876.0,10.89,-279915.0,-0.7,-1824033.0,-4.53,-2279928.0,-5.66,-1117.0,0.904,0.905,986950000.0,892202800,892202800,2026-07-23,2026-07-23 16:11:45+08:00
563300,中证2000ETF华泰柏瑞,1.299,1.2959,-0.24,0.024,1.88,7570979.0,976705459.0,1.271,1.299,1.271,1.275,2.2,18.8,0.88,20.54,4409753.0,3161227.0,-78451369.0,-8.03,-142150896.0,-14.55,63699527.0,6.52,56279392.0,5.76,22171981.0,2.27,-174883.0,1.299,1.3,4026174000.0,5230000026,5230000026,2026-07-23,2026-07-23 16:11:41+08:00
159945,能源ETF广发,1.356,1.3482,-0.58,0.025,1.88,126210.0,17035909.5,1.331,1.364,1.326,1.331,2.85,19.25,1.2,51.18,60289.0,65921.0,-37163.0,-0.22,-814283.0,-4.78,777120.0,4.56,91069.0,0.53,-53905.0,-0.32,-856.0,1.356,1.358,65572327.0,88916075,88916075,2026-07-23,2026-07-23 15:34:39+08:00
513830,港股通高股息ETF嘉实,1.197,1.1972,0.02,0.022,1.87,24827.0,2960111.0,1.18,1.22,1.177,1.175,3.66,4.49,1.04,4.76,15242.0,9585.0,139223.0,4.7,0.0,0.0,139223.0,4.7,-117448.0,-3.97,-21776.0,-0.74,-41.0,1.196,1.197,55311000.0,66207267,66207267,2026-07-23,2026-07-23 16:11:54+08:00
159555,中证2000增强ETF银华,1.532,1.5359,0.25,0.028,1.86,13340.0,2031565.5,1.489,1.534,1.472,1.504,4.12,3.87,0.33,43.6,6297.0,7043.0,-158151.0,-7.78,0.0,0.0,-158151.0,-7.78,339822.0,16.73,-181672.0,-8.94,52.0,1.531,1.532,34462705.0,52796864,52796864,2026-07-23,2026-07-23 15:34:36+08:00
516840,汽车ETF南方,0.77,0.7692,-0.1,0.014,1.85,40454.0,3087904.0,0.752,0.77,0.752,0.756,2.38,3.28,1.24,4.92,29326.0,11128.0,90424.0,2.93,1282427.0,41.53,-1192003.0,-38.6,-71950.0,-2.33,-18473.0,-0.6,-107.0,0.769,0.77,123277000.0,94923290,94923290,2026-07-23,2026-07-23 16:12:02+08:00
159255,通用航空ETF易方达,0.824,0.8243,0.04,0.015,1.85,26167.0,2139891.7,0.809,0.824,0.809,0.809,1.85,3.72,0.86,-9.64,15735.0,10432.0,-245245.0,-11.46,63111.0,2.95,-308356.0,-14.41,336245.0,15.71,-91001.0,-4.25,136.0,0.823,0.824,70338868.0,57959227,57959227,2026-07-23,2026-07-23 15:34:24+08:00
513530,港股通红利ETF华泰柏瑞,1.595,1.5948,-0.01,0.029,1.85,1714795.0,271905341.0,1.569,1.595,1.569,1.566,1.66,6.37,0.94,39.73,1087947.0,626848.0,8031157.0,2.95,8589068.0,3.16,-557911.0,-0.21,-1339458.0,-0.49,-6691698.0,-2.46,-20830.0,1.594,1.595,2693938704.0,4296832233,4296832233,2026-07-23,2026-07-23 16:11:54+08:00
159711,港股通50ETF华夏,1.329,1.3319,0.22,0.024,1.84,241991.0,32064409.3,1.312,1.332,1.308,1.305,1.84,70.21,0.93,6.4,122037.0,119954.0,1224015.0,3.82,24253.0,0.08,1199762.0,3.74,-776867.0,-2.42,-447149.0,-1.39,-1112.0,1.328,1.332,34465157.0,45804194,45804194,2026-07-23,2026-07-23 15:34:03+08:00
159556,中证2000增强ETF平安,1.106,1.1001,-0.54,0.02,1.84,15295.0,1678885.0,1.078,1.106,1.076,1.086,2.76,8.24,0.84,-35.92,6846.0,8449.0,183497.0,10.93,0.0,0.0,183497.0,10.93,-133188.0,-7.93,-50309.0,-3.0,-7.0,1.106,1.108,18556089.0,20523034,20523034,2026-07-23,2026-07-23 15:34:12+08:00
512710,军工龙头ETF富国,0.608,0.6081,0.02,0.011,1.84,5103779.0,307803383.0,0.595,0.609,0.594,0.597,2.51,4.28,0.87,-21.69,2894007.0,2209772.0,13538054.0,4.4,28726026.0,9.33,-15187972.0,-4.93,-8532830.0,-2.77,-5005224.0,-1.63,-63954.0,0.607,0.608,11918658304.0,7246544249,7246544249,2026-07-23,2026-07-23 16:11:42+08:00
159512,汽车ETF广发,1.057,1.057,0.0,0.019,1.83,56807.0,5947837.3,1.037,1.057,1.029,1.038,2.7,8.45,0.64,-22.08,34148.0,22659.0,101838.0,1.71,303384.0,5.1,-201546.0,-3.39,-55975.0,-0.94,-45863.0,-0.77,1400.0,1.056,1.057,67264855.0,71098952,71098952,2026-07-23,2026-07-23 15:34:15+08:00
159283,通用航空ETF南方,0.835,0.8357,0.08,0.015,1.83,150516.0,12497153.4,0.821,0.838,0.82,0.82,2.2,4.86,0.87,-32.59,76728.0,73788.0,1247227.0,9.98,0.0,0.0,1247227.0,9.98,-1086244.0,-8.69,-160983.0,-1.29,116.0,0.834,0.835,309437984.0,258380717,258380717,2026-07-23,2026-07-23 15:34:21+08:00
516570,化工行业ETF易方达,1.001,1.0016,0.06,0.018,1.83,271983.0,27014327.0,0.986,1.002,0.977,0.983,2.54,2.36,0.89,2.97,162170.0,109813.0,-1416041.0,-5.24,-264845.0,-0.98,-1151196.0,-4.26,141273.0,0.52,1274769.0,4.72,-526.0,1.001,1.002,1151357600.0,1152508958,1152508958,2026-07-23,2026-07-23 16:11:50+08:00
513550,港股通50ETF华泰柏瑞,1.125,1.1237,-0.12,0.02,1.81,524280.0,58653472.0,1.109,1.126,1.105,1.105,1.9,3.15,0.81,-3.51,300190.0,224090.0,2980698.0,5.08,-9187066.0,-15.66,12167764.0,20.75,-2124283.0,-3.62,-856415.0,-1.46,-230.0,1.124,1.125,1664992000.0,1873116000,1873116000,2026-07-23,2026-07-23 16:11:47+08:00
513820,港股通红利ETF汇添富,1.241,1.2433,0.18,0.022,1.8,1010300.0,124880729.0,1.223,1.243,1.221,1.219,1.8,5.49,1.33,-4.73,560238.0,450062.0,5865580.0,4.7,5476693.0,4.39,388887.0,0.31,-3696533.0,-2.96,-2169048.0,-1.74,-3283.0,1.241,1.242,1840669008.0,2284270239,2284270239,2026-07-23,2026-07-23 16:11:48+08:00
159315,黄金股ETF工银,1.539,1.5397,0.05,0.027,1.79,232528.0,35632122.488,1.529,1.572,1.499,1.512,4.83,12.26,1.4,81.36,129851.0,102677.0,653424.0,1.83,3540028.0,9.93,-2886604.0,-8.1,163256.0,0.46,-816681.0,-2.29,538.0,1.538,1.539,189589621.0,291778427,291778427,2026-07-23,2026-07-23 15:34:51+08:00
520960,恒指港股通ETF嘉实,0.911,0.9097,-0.14,0.016,1.79,15077.0,1366904.0,0.898,0.912,0.898,0.895,1.56,2.41,0.51,0.17,12495.0,2582.0,45368.0,3.32,461362.0,33.75,-415994.0,-30.43,-47082.0,-3.44,1713.0,0.13,126.0,0.91,0.913,62603400.0,57031697,57031697,2026-07-23,2026-07-23 16:11:35+08:00
520810,港股通红利ETF易方达,1.026,1.0254,-0.06,0.018,1.79,46722.0,4780010.0,1.008,1.027,1.008,1.008,1.88,1.65,1.17,6.54,29077.0,17645.0,95180.0,1.99,0.0,0.0,95180.0,1.99,-50531.0,-1.06,-44649.0,-0.93,-52.0,1.026,1.027,282360000.0,289701360,289701360,2026-07-23,2026-07-23 16:12:01+08:00
159532,中证2000ETF易方达,1.485,1.4887,0.25,0.026,1.78,390339.0,57516518.1,1.449,1.487,1.449,1.459,2.6,21.04,0.82,1.88,199538.0,190801.0,8174231.0,14.21,6357871.0,11.05,1816360.0,3.16,-5901500.0,-10.26,-2272731.0,-3.95,-1764.0,1.485,1.486,185564791.0,275563715,275563715,2026-07-23,2026-07-23 15:34:24+08:00
513190,港股通金融ETF华夏,1.78,1.7757,-0.24,0.031,1.77,2235826.0,396406555.0,1.755,1.785,1.752,1.749,1.89,22.29,1.01,-30.63,1244559.0,991267.0,-34593235.0,-8.73,-27076936.0,-6.83,-7516299.0,-1.9,13074996.0,3.3,21518239.0,5.43,-5057.0,1.78,1.781,1002936000.0,1785226080,1785226080,2026-07-23,2026-07-23 16:11:39+08:00
512560,军工ETF易方达,0.692,0.6912,-0.12,0.012,1.76,746029.0,51195485.0,0.676,0.692,0.676,0.68,2.35,7.81,0.83,12.17,450586.0,295443.0,-2860102.0,-5.59,-4262393.0,-8.33,1402291.0,2.74,1649235.0,3.22,1210868.0,2.37,-9011.0,0.691,0.692,955127008.0,660947890,660947890,2026-07-23,2026-07-23 16:11:56+08:00
561790,央企能源ETF博时,1.276,1.2754,-0.05,0.022,1.75,13928.0,1768481.0,1.254,1.28,1.25,1.254,2.39,2.45,0.68,23.6,8631.0,5297.0,270099.0,15.27,0.0,0.0,270099.0,15.27,-314425.0,-17.78,44325.0,2.51,-60.0,1.275,1.276,56934000.0,72647784,72647784,2026-07-23,2026-07-23 16:11:43+08:00
159091,港股通金融ETF易方达,1.048,1.0517,0.35,0.018,1.75,84918.0,8892781.459,1.032,1.055,1.032,1.03,2.23,15.62,0.16,51.64,53456.0,31461.0,495528.0,5.57,1076158.0,12.1,-580630.0,-6.53,-249167.0,-2.8,-246360.0,-2.77,-143.0,1.048,1.05,54374196.0,56984157,56984157,2026-07-23,2026-07-23 15:34:42+08:00
159331,红利港股ETF国泰,1.293,1.2966,0.28,0.022,1.73,109166.0,14061313.291,1.272,1.297,1.272,1.271,1.97,7.15,1.42,-18.74,57084.0,52082.0,2731801.0,19.43,2871895.0,20.42,-140094.0,-1.0,-1963546.0,-13.96,-768255.0,-5.46,72.0,1.292,1.293,152694179.0,197433573,197433573,2026-07-23,2026-07-23 15:34:45+08:00
159126,港股通50ETF南方,0.941,0.9422,0.13,0.016,1.73,63353.0,5936924.013,0.925,0.942,0.925,0.925,1.84,2.42,0.53,67.42,31305.0,32048.0,559070.0,9.42,-830364.0,-13.99,1389434.0,23.4,-453990.0,-7.65,-105079.0,-1.77,-325.0,0.941,0.942,261616546.0,246181170,246181170,2026-07-23,2026-07-23 15:34:12+08:00
517520,黄金股ETF永赢,1.886,1.8793,-0.36,0.032,1.73,4332575.0,814649866.0,1.87,1.931,1.84,1.854,4.91,7.14,1.43,-45.09,2073858.0,2258717.0,-34758494.0,-4.27,-67569822.0,-8.29,32811328.0,4.03,22229975.0,2.73,12528520.0,1.54,-15339.0,1.886,1.887,6070904064.0,11449725065,11449725065,2026-07-23,2026-07-23 16:11:33+08:00
516590,智能汽车ETF易方达,1.123,1.1239,0.08,0.019,1.72,43002.0,4772846.0,1.099,1.124,1.099,1.104,2.26,8.27,1.24,8.94,19741.0,23261.0,-150529.0,-3.15,239525.0,5.02,-390054.0,-8.17,217972.0,4.57,-67443.0,-1.41,-50.0,1.124,1.125,52015000.0,58412845,58412845,2026-07-23,2026-07-23 16:11:45+08:00
563200,中证2000ETF富国,1.364,1.368,0.29,0.023,1.72,131522.0,17818810.0,1.34,1.366,1.339,1.341,2.01,20.73,0.92,-21.77,77651.0,53871.0,1257184.0,7.06,547710.0,3.07,709474.0,3.98,-1091816.0,-6.13,-165369.0,-0.93,-389.0,1.364,1.366,63458800.0,86557803,86557803,2026-07-23,2026-07-23 16:11:41+08:00
159318,恒指港股通ETF银华,1.307,1.3097,0.21,0.022,1.71,5275.0,688121.3,1.293,1.311,1.293,1.285,1.4,3.38,0.37,-6.9,2863.0,2412.0,146980.0,21.36,0.0,0.0,146980.0,21.36,-117862.0,-17.13,-29118.0,-4.23,-3.0,1.307,1.309,15601647.0,20391353,20391353,2026-07-23,2026-07-23 15:34:54+08:00
159231,通用航空ETF华宝,0.479,0.4795,0.1,0.008,1.7,148062.0,7036934.0,0.47,0.48,0.469,0.471,2.34,4.24,0.7,-79.84,80993.0,67069.0,885839.0,12.59,94172.0,1.34,791667.0,11.25,-751937.0,-10.69,-133903.0,-1.9,110.0,0.478,0.479,349091856.0,167214999,167214999,2026-07-23,2026-07-23 15:34:03+08:00
560120,中证500现金流ETF华夏,1.201,1.1983,-0.23,0.02,1.69,103017.0,12203972.0,1.181,1.201,1.17,1.181,2.62,1.76,0.66,-34.9,50893.0,52124.0,-207885.0,-1.7,19103.0,0.16,-226988.0,-1.86,316246.0,2.59,-108362.0,-0.89,-736.0,1.2,1.201,584689008.0,702211499,702211499,2026-07-23,2026-07-23 16:11:36+08:00
159321,黄金股ETF华安,1.45,1.4448,-0.36,0.024,1.68,456374.0,65814502.64,1.43,1.479,1.41,1.426,4.84,12.27,1.32,64.9,228448.0,227926.0,1678274.0,2.55,421620.0,0.64,1256654.0,1.91,-2291215.0,-3.48,612940.0,0.93,-1646.0,1.45,1.451,371900400.0,539255580,539255580,2026-07-23,2026-07-23 15:34:39+08:00
510170,大宗商品ETF国联安,1.333,1.3339,0.07,0.022,1.68,87577.0,11620536.0,1.304,1.345,1.3,1.311,3.43,2.58,0.75,-2.28,44901.0,42676.0,-497311.0,-4.28,212846.0,1.83,-710157.0,-6.11,384112.0,3.31,113198.0,0.97,-374.0,1.332,1.333,338914800.0,451773428,451773428,2026-07-23,2026-07-23 16:11:54+08:00
513920,港股通央企红利ETF华安,1.579,1.5706,-0.53,0.026,1.67,759042.0,119463537.0,1.552,1.582,1.552,1.553,1.93,2.79,0.84,-35.44,415725.0,343317.0,-7703190.0,-6.45,-91157.0,-0.08,-7612033.0,-6.37,3774301.0,3.16,3928889.0,3.29,-1694.0,1.579,1.58,2717231008.0,4290507762,4290507762,2026-07-23,2026-07-23 16:11:47+08:00
159166,现金流ETF长城,0.85,0.8503,0.04,0.014,1.67,27574.0,2328398.434,0.836,0.85,0.836,0.836,1.67,0.47,0.99,-50.67,6632.0,20942.0,222892.0,9.57,593003.0,25.47,-370111.0,-15.9,-171511.0,-7.37,-51380.0,-2.21,1095.0,0.849,0.85,585816064.0,497943654,497943654,2026-07-23,2026-07-23 15:34:18+08:00
561260,能源ETF工银,1.279,1.2766,-0.19,0.021,1.67,56721.0,7200646.0,1.258,1.279,1.251,1.258,2.23,20.33,1.19,0.66,26824.0,29897.0,-643006.0,-8.93,0.0,0.0,-643006.0,-8.93,604820.0,8.4,38185.0,0.53,-7.0,1.276,1.279,27895200.0,35677961,35677961,2026-07-23,2026-07-23 16:11:52+08:00
159225,现金流ETF银华,1.228,1.2289,0.07,0.02,1.66,4841.0,591660.9,1.209,1.229,1.209,1.208,1.66,0.18,0.15,83.74,3925.0,916.0,-117086.0,-19.79,855.0,0.14,-117941.0,-19.93,-78242.0,-13.22,195327.0,33.01,-25.0,1.23,1.232,270744800.0,332474614,332474614,2026-07-23,2026-07-23 15:34:00+08:00
512660,军工ETF国泰,1.101,1.1014,0.04,0.018,1.66,2726827.0,298720971.0,1.079,1.105,1.079,1.083,2.4,4.65,0.75,-14.4,1596465.0,1130362.0,7506628.0,2.51,23561255.0,7.89,-16054627.0,-5.37,-5643121.0,-1.89,-1863507.0,-0.62,-19508.0,1.101,1.102,5865080064.0,6457453150,6457453150,2026-07-23,2026-07-23 16:11:50+08:00
513720,港股互联网ETF国泰,0.672,0.6697,-0.34,0.011,1.66,294123.0,19636852.0,0.664,0.673,0.655,0.661,2.72,11.77,0.44,0.1,156244.0,137879.0,1295210.0,6.6,-715073.0,-3.64,2010283.0,10.24,-1040999.0,-5.3,-254211.0,-1.29,-362.0,0.671,0.672,249859000.0,167905248,167905248,2026-07-23,2026-07-23 16:11:49+08:00
517400,黄金股ETF国泰,1.49,1.4819,-0.55,0.024,1.64,636143.0,94226439.0,1.487,1.521,1.448,1.466,4.98,7.12,1.67,49.8,329955.0,306188.0,-253333.0,-0.27,2188073.0,2.32,-2441406.0,-2.59,1399576.0,1.49,-1146243.0,-1.22,-3456.0,1.49,1.491,893792000.0,1331750080,1331750080,2026-07-23,2026-07-23 16:12:02+08:00
520820,恒指港股通ETF汇添富,0.927,0.9265,-0.05,0.015,1.64,6745.0,621376.0,0.912,0.928,0.912,0.912,1.75,1.06,0.4,-5.06,3474.0,3271.0,105973.0,17.05,0.0,0.0,105973.0,17.05,-65148.0,-10.48,-40825.0,-6.57,1.0,0.926,0.927,63682000.0,59033214,59033214,2026-07-23,2026-07-23 16:11:47+08:00
159607,中概互联网ETF嘉实,0.813,0.8071,-0.73,0.013,1.63,1850698.0,149529025.2,0.8,0.816,0.794,0.8,2.75,15.52,0.72,-54.69,934640.0,916058.0,8087829.0,5.41,11377781.0,7.61,-3289952.0,-2.2,-5593179.0,-3.74,-2494649.0,-1.67,-21822.0,0.813,0.814,1192829136.0,969770088,969770088,2026-07-23,2026-07-23 15:34:57+08:00
159121,港股通汽车ETF易方达,0.75,0.7541,0.54,0.012,1.63,328346.0,24501765.6,0.741,0.753,0.733,0.738,2.71,25.76,0.65,-44.56,201829.0,126517.0,1679506.0,6.85,-946061.0,-3.86,2625567.0,10.72,-1132144.0,-4.62,-547361.0,-2.23,-2322.0,0.75,0.751,127481127.0,95610845,95610845,2026-07-23,2026-07-23 15:34:09+08:00
512680,军工ETF广发,1.126,1.1237,-0.2,0.018,1.62,876106.0,98044992.0,1.101,1.128,1.101,1.108,2.44,2.77,1.03,12.78,317799.0,558307.0,164335.0,0.17,13301869.0,13.57,-13137534.0,-13.4,-3435658.0,-3.5,3271322.0,3.34,-3904.0,1.126,1.127,3164130096.0,3562810488,3562810488,2026-07-23,2026-07-23 16:11:57+08:00
520940,港股通恒生ETF华安,1.005,1.0026,-0.24,0.016,1.62,67182.0,6717097.0,0.996,1.005,0.995,0.989,1.01,28.84,0.84,-3.31,34732.0,32450.0,364963.0,5.43,0.0,0.0,364963.0,5.43,-366077.0,-5.45,1114.0,0.02,-13.0,1.0,1.005,23297000.0,23413485,23413485,2026-07-23,2026-07-23 16:11:47+08:00
159788,港股通100ETF易方达,1.21,1.2105,0.04,0.019,1.6,149632.0,18046544.9,1.191,1.212,1.191,1.191,1.76,19.58,1.48,-16.74,74055.0,75577.0,754726.0,4.18,0.0,0.0,754726.0,4.18,-656529.0,-3.64,-98197.0,-0.54,190.0,1.205,1.21,76424965.0,92474208,92474208,2026-07-23,2026-07-23 15:34:54+08:00
159280,港股通互联网ETF汇添富,0.707,0.7066,-0.06,0.011,1.58,146165.0,10296049.8,0.696,0.71,0.69,0.696,2.87,14.81,0.51,-54.39,61960.0,84205.0,595377.0,5.78,384456.0,3.73,210921.0,2.05,-476490.0,-4.63,-118887.0,-1.15,14.0,0.706,0.707,98717171.0,69793040,69793040,2026-07-23,2026-07-23 15:34:39+08:00
159276,现金流ETF汇添富,1.092,1.0921,0.01,0.017,1.58,9718.0,1050316.6,1.08,1.092,1.073,1.075,1.77,0.26,0.26,37.2,5699.0,4019.0,-51515.0,-4.9,-36596.0,-3.48,-14919.0,-1.42,9372.0,0.89,42144.0,4.01,62.0,1.091,1.092,371696656.0,405892748,405892748,2026-07-23,2026-07-23 15:34:33+08:00
512810,军工ETF华宝,0.641,0.6414,0.06,0.01,1.58,547772.0,34886831.0,0.631,0.643,0.63,0.631,2.06,5.0,0.59,-14.45,324603.0,223169.0,-785717.0,-2.25,538676.0,1.54,-1324393.0,-3.8,-624344.0,-1.79,1410060.0,4.04,-6033.0,0.641,0.642,1095583504.0,702269026,702269026,2026-07-23,2026-07-23 16:11:40+08:00
562850,央企能源ETF嘉实,1.289,1.2877,-0.1,0.02,1.58,115919.0,14901138.0,1.267,1.293,1.263,1.269,2.36,5.18,0.96,17.81,63893.0,52026.0,362934.0,2.44,532440.0,3.57,-169506.0,-1.14,-332888.0,-2.23,-30048.0,-0.2,-184.0,1.288,1.289,223981500.0,288712154,288712154,2026-07-23,2026-07-23 16:11:44+08:00
159028,港股汽车ETF天弘,0.778,0.7837,0.73,0.012,1.57,36445.0,2823252.979,0.766,0.779,0.763,0.766,2.09,2.88,0.5,-23.79,22487.0,13958.0,114530.0,4.06,-522814.0,-18.52,637344.0,22.57,-43857.0,-1.55,-70671.0,-2.5,710.0,0.775,0.778,126449016.0,98377334,98377334,2026-07-23,2026-07-23 15:34:27+08:00
159905,红利ETF工银,1.696,1.6948,-0.07,0.026,1.56,163328.0,27513248.8,1.672,1.696,1.663,1.67,1.98,1.38,0.36,7.16,94788.0,68540.0,-620629.0,-2.26,1048507.0,3.81,-1669136.0,-6.07,1037240.0,3.77,-416610.0,-1.51,-1178.0,1.696,1.697,1179943952.0,2001184943,2001184943,2026-07-23,2026-07-23 15:34:06+08:00
159712,港股通50ETF国泰,1.237,1.2396,0.21,0.019,1.56,168162.0,20716779.6,1.22,1.24,1.22,1.218,1.64,17.56,1.09,12.38,90391.0,77771.0,58016.0,0.28,0.0,0.0,58016.0,0.28,149732.0,0.72,-207748.0,-1.0,-367.0,1.236,1.239,95778813.0,118478392,118478392,2026-07-23,2026-07-23 15:34:06+08:00
159312,恒指港股通ETF广发,1.179,1.1821,0.26,0.018,1.55,32886.0,3869711.5,1.163,1.181,1.163,1.161,1.55,9.61,0.62,-31.86,23759.0,9127.0,181674.0,4.69,-24082.0,-0.62,205756.0,5.32,22997.0,0.59,-204671.0,-5.29,219.0,1.175,1.179,34224353.0,40350512,40350512,2026-07-23,2026-07-23 15:34:51+08:00
159930,能源ETF汇添富,1.703,1.6947,-0.49,0.026,1.55,564254.0,95753994.253,1.695,1.715,1.654,1.677,3.64,8.45,0.73,82.1,291902.0,272351.0,3039472.0,3.17,1889989.0,1.97,1149483.0,1.2,-79718.0,-0.08,-2959753.0,-3.09,-3393.0,1.703,1.704,667398144.0,1136579039,1136579039,2026-07-23,2026-07-23 15:34:09+08:00
159335,央企科创ETF融通,1.509,1.5068,-0.15,0.023,1.55,24566.0,3694673.3,1.489,1.509,1.48,1.486,1.95,3.96,0.77,51.36,6399.0,18167.0,377174.0,10.21,1508000.0,40.82,-1130826.0,-30.61,-234236.0,-6.34,-142937.0,-3.87,-47.0,1.509,1.51,62083689.0,93684287,93684287,2026-07-23,2026-07-23 15:34:00+08:00
526070,恒指港股通ETF博时,0.988,0.9895,0.15,0.015,1.54,144355.0,14207973.0,0.979,0.99,0.979,0.973,1.13,16.33,2.41,-34.47,87935.0,56420.0,612902.0,4.31,278590.0,1.96,334312.0,2.35,-497208.0,-3.5,-115694.0,-0.81,-10.0,0.988,0.991,88377000.0,87316476,87316476,2026-07-23,2026-07-23 16:11:55+08:00
159533,中证2000ETF博时,1.718,1.7225,0.26,0.026,1.54,9060.0,1544612.6,1.675,1.721,1.675,1.692,2.72,6.73,0.27,8.25,2346.0,6714.0,-49576.0,-3.21,0.0,0.0,-49576.0,-3.21,52663.0,3.41,-3088.0,-0.2,-36.0,1.718,1.72,13458785.0,23122193,23122193,2026-07-23,2026-07-23 15:34:00+08:00
159638,高端装备ETF嘉实,0.808,0.8085,0.06,0.012,1.51,395065.0,31707860.1,0.796,0.81,0.793,0.796,2.14,2.63,0.61,-35.93,210720.0,184345.0,-758618.0,-2.39,-3044199.0,-9.6,2285581.0,7.21,721920.0,2.28,36697.0,0.12,2328.0,0.807,0.808,1500341936.0,1212276284,1212276284,2026-07-23,2026-07-23 15:34:09+08:00
513690,港股红利ETF博时,1.146,1.1391,-0.61,0.017,1.51,1253382.0,143050023.0,1.131,1.147,1.13,1.129,1.51,3.44,0.73,4.11,719003.0,534379.0,-1233986.0,-0.86,10373209.0,7.25,-11607195.0,-8.11,1101644.0,0.77,132344.0,0.09,-6773.0,1.145,1.146,3643479904.0,4175427970,4175427970,2026-07-23,2026-07-23 16:11:56+08:00
159291,创业板综增强ETF招商,1.145,1.1424,-0.23,0.017,1.51,21549.0,2451239.397,1.128,1.147,1.128,1.128,1.68,11.08,1.33,46.47,11562.0,9987.0,240653.0,9.82,0.0,0.0,240653.0,9.82,-275354.0,-11.23,34701.0,1.42,-62.0,1.145,1.149,19457388.0,22278709,22278709,2026-07-23,2026-07-23 15:34:27+08:00
510410,资源ETF博时,1.89,1.8945,0.24,0.028,1.5,67162.0,12689040.0,1.858,1.916,1.853,1.862,3.38,1.58,0.44,0.36,35752.0,31410.0,-910651.0,-7.18,270106.0,2.13,-1180757.0,-9.31,1005151.0,7.92,-94500.0,-0.74,-65.0,1.89,1.894,426258400.0,805628376,805628376,2026-07-23,2026-07-23 16:12:02+08:00
520630,港股通互联网ETF广发,0.681,0.6805,-0.07,0.01,1.49,578663.0,39299369.0,0.674,0.687,0.667,0.671,2.98,10.64,0.42,-28.41,302213.0,276450.0,2083297.0,5.3,1242638.0,3.16,840659.0,2.14,-1705888.0,-4.34,-377408.0,-0.96,-295.0,0.68,0.681,544110000.0,370538910,370538910,2026-07-23,2026-07-23 16:11:56+08:00
159221,现金流ETF嘉实,1.155,1.1545,-0.04,0.017,1.49,161257.0,18508460.0,1.139,1.155,1.133,1.138,1.93,1.33,0.44,87.44,92670.0,68587.0,-714751.0,-3.86,-2243811.0,-12.12,1529060.0,8.26,684349.0,3.7,30401.0,0.16,209.0,1.154,1.155,1210013232.0,1397565283,1397565283,2026-07-23,2026-07-23 15:34:54+08:00
159913,深价值ETF交银,2.449,2.4675,0.75,0.036,1.49,2880.0,708129.6,2.437,2.485,2.425,2.413,2.49,1.29,1.31,86.52,2858.0,22.0,-201772.0,-28.49,0.0,0.0,-201772.0,-28.49,132649.0,18.73,69123.0,9.76,-3.0,2.449,2.486,22329693.0,54685418,54685418,2026-07-23,2026-07-23 15:34:27+08:00
159619,基建ETF国泰,0.956,0.9575,0.16,0.014,1.49,28661.0,2722110.4,0.942,0.957,0.938,0.942,2.02,3.63,0.7,-8.85,15700.0,12961.0,277709.0,10.2,111301.0,4.09,166408.0,6.11,-190589.0,-7.0,-87122.0,-3.2,-6.0,0.956,0.957,78981007.0,75505843,75505843,2026-07-23,2026-07-23 15:34:03+08:00
563830,全指现金流ETF博时,1.163,1.1653,0.2,0.017,1.48,38279.0,4433908.0,1.16,1.166,1.145,1.146,1.83,2.55,0.59,26.92,19910.0,18369.0,9092.0,0.21,-781982.0,-17.64,791074.0,17.84,46918.0,1.06,-56011.0,-1.26,-7.0,1.163,1.168,149896000.0,174329048,174329048,2026-07-23,2026-07-23 16:11:58+08:00
563990,800现金流ETF富国,1.242,1.241,-0.08,0.018,1.47,55590.0,6863670.0,1.228,1.242,1.217,1.224,2.04,1.5,0.39,33.4,38872.0,16718.0,289439.0,4.22,-1105666.0,-16.11,1395105.0,20.33,-305209.0,-4.45,15771.0,0.23,-18.0,1.24,1.242,371573008.0,461493676,461493676,2026-07-23,2026-07-23 16:11:40+08:00
159143,港股通央企红利ETF平安,0.969,0.9689,-0.01,0.014,1.47,23033.0,2222529.7,0.958,0.969,0.956,0.955,1.36,4.07,0.84,-54.27,8093.0,14940.0,698758.0,31.44,0.0,0.0,698758.0,31.44,-602291.0,-27.1,-96468.0,-4.34,100.0,0.966,0.969,56554456.0,54801268,54801268,2026-07-23,2026-07-23 15:34:30+08:00
513600,恒生指数ETF南方,2.764,2.7567,-0.26,0.04,1.47,657955.0,181410340.0,2.728,2.77,2.722,2.724,1.76,11.02,1.05,-23.42,343315.0,314640.0,-2598217.0,-1.43,-1976848.0,-1.09,-621369.0,-0.34,5893291.0,3.25,-3295075.0,-1.82,-1130.0,2.764,2.765,596829504.0,1649636749,1649636749,2026-07-23,2026-07-23 16:11:36+08:00
159201,自由现金流ETF华夏,1.171,1.1706,-0.03,0.017,1.47,4834749.0,563310584.302,1.151,1.172,1.149,1.154,1.99,3.38,0.85,-59.94,3358364.0,1476385.0,-58445200.0,-10.38,-118756436.0,-21.08,60311236.0,10.71,54982654.0,9.76,3462551.0,0.61,-23915.0,1.171,1.172,14321275904.0,16770214084,16770214084,2026-07-23,2026-07-23 15:34:33+08:00
159966,创业板价值ETF华夏,0.558,0.5574,-0.11,0.008,1.45,38972.0,2157150.5,0.551,0.558,0.55,0.55,1.45,0.61,0.19,-10.54,21552.0,17420.0,-31466.0,-1.46,78980.0,3.66,-110446.0,-5.12,81939.0,3.8,-50473.0,-2.34,57.0,0.557,0.558,638699520.0,356394332,356394332,2026-07-23,2026-07-23 15:34:21+08:00
159960,恒生中国企业ETF平安,0.847,0.8455,-0.18,0.012,1.44,38461.0,3240094.1,0.837,0.847,0.836,0.835,1.32,6.35,0.28,19.55,17973.0,20488.0,257132.0,7.94,0.0,0.0,257132.0,7.94,-69359.0,-2.14,-187773.0,-5.8,241.0,0.843,0.848,60573960.0,51306144,51306144,2026-07-23,2026-07-23 15:34:51+08:00
516950,基建ETF银华,1.055,1.056,0.09,0.015,1.44,77013.0,8047180.0,1.044,1.055,1.034,1.04,2.02,6.43,0.9,-13.04,43215.0,33798.0,760654.0,9.45,566848.0,7.04,193806.0,2.41,-307136.0,-3.82,-453519.0,-5.64,-965.0,1.054,1.055,119821000.0,126411155,126411155,2026-07-23,2026-07-23 16:11:56+08:00
159223,现金流ETF永赢,1.13,1.1305,0.04,0.016,1.44,28163.0,3159913.2,1.115,1.13,1.11,1.114,1.8,1.47,0.4,-68.18,20459.0,7704.0,-548879.0,-17.37,0.0,0.0,-548879.0,-17.37,108603.0,3.44,440277.0,13.93,-32.0,1.13,1.133,191844755.0,216784573,216784573,2026-07-23,2026-07-23 15:34:57+08:00
159365,恒指港股通ETF富国,0.995,0.9983,0.33,0.014,1.43,24561.0,2437933.5,0.985,0.997,0.985,0.981,1.22,4.71,0.77,-9.2,18445.0,6116.0,-58242.0,-2.39,0.0,0.0,-58242.0,-2.39,99077.0,4.06,-40836.0,-1.68,-32.0,0.995,0.997,52162398.0,51901586,51901586,2026-07-23,2026-07-23 15:34:18+08:00
516890,新材料ETF平安,0.781,0.781,0.0,0.011,1.43,13543.0,1052102.0,0.767,0.784,0.767,0.77,2.21,4.19,1.25,22.94,3545.0,9998.0,71831.0,6.83,0.0,0.0,71831.0,6.83,-58401.0,-5.55,-13429.0,-1.28,6.0,0.779,0.781,32311400.0,25235203,25235203,2026-07-23,2026-07-23 16:12:01+08:00
159170,港股通互联网ETF永赢,0.859,0.8596,0.07,0.012,1.42,652788.0,55939066.99,0.851,0.864,0.84,0.847,2.83,16.33,0.65,-38.18,314498.0,338290.0,243059.0,0.43,1365585.0,2.44,-1122526.0,-2.01,-193857.0,-0.35,-49202.0,-0.09,-19.0,0.859,0.86,399638352.0,343289344,343289344,2026-07-23,2026-07-23 15:34:18+08:00
159333,港股央企红利ETF万家,1.353,1.3567,0.27,0.019,1.42,84342.0,11387709.1,1.333,1.357,1.333,1.334,1.8,3.92,0.82,4.93,50058.0,34284.0,-498718.0,-4.38,-459860.0,-4.04,-38858.0,-0.34,743416.0,6.53,-244697.0,-2.15,1.0,1.352,1.353,214952835.0,290831186,290831186,2026-07-23,2026-07-23 15:34:45+08:00
512030,中证A50增强ETF易方达,1.15,1.1529,0.25,0.016,1.41,51465.0,5914274.0,1.139,1.153,1.137,1.134,1.41,10.45,1.02,0.35,24319.0,27146.0,371077.0,6.27,0.0,0.0,371077.0,6.27,-362352.0,-6.13,-8726.0,-0.15,-9.0,1.15,1.155,49240000.0,56626000,56626000,2026-07-23,2026-07-23 16:11:47+08:00
159399,现金流ETF国泰,1.005,1.0049,-0.01,0.014,1.41,1467203.0,146439160.3,0.988,1.006,0.986,0.991,2.02,3.28,0.75,-26.48,892969.0,574234.0,5114686.0,3.49,8417690.0,5.75,-3303004.0,-2.26,-7169726.0,-4.9,2055041.0,1.4,4726.0,1.004,1.005,4478194944.0,4500585919,4500585919,2026-07-23,2026-07-23 15:34:12+08:00
159635,基建ETF华夏,1.014,1.0135,-0.05,0.014,1.4,265177.0,26680652.0,1.0,1.014,0.993,1.0,2.1,19.52,0.78,22.17,136648.0,128529.0,1131104.0,4.24,-435564.0,-1.63,1566668.0,5.87,-608095.0,-2.28,-523008.0,-1.96,129.0,1.013,1.014,135846980.0,137748838,137748838,2026-07-23,2026-07-23 15:34:00+08:00
513770,港股互联网ETF华宝,0.363,0.3622,-0.22,0.005,1.4,18547599.0,668739713.0,0.358,0.364,0.354,0.358,2.79,12.09,0.62,-12.58,11033477.0,7514122.0,16408854.0,2.45,50335520.0,7.53,-33926666.0,-5.07,-13597416.0,-2.03,-2811436.0,-0.42,-99264.0,0.362,0.363,15337137920.0,5567381065,5567381065,2026-07-23,2026-07-23 16:11:40+08:00
563900,300自由现金流ETF摩根,1.157,1.1581,0.09,0.016,1.4,223122.0,25647354.0,1.136,1.159,1.136,1.141,2.02,4.36,0.94,7.58,114000.0,109122.0,950103.0,3.7,1177256.0,4.59,-227153.0,-0.89,-467272.0,-1.82,-482831.0,-1.88,-500.0,1.156,1.159,511965696.0,592344310,592344310,2026-07-23,2026-07-23 16:11:33+08:00
159281,港股央企红利ETF天弘,0.95,0.9542,0.44,0.013,1.39,519753.0,49271072.6,0.94,0.954,0.94,0.937,1.49,20.61,0.75,31.31,266173.0,253580.0,-103665.0,-0.21,-1420116.0,-2.88,1316451.0,2.67,200733.0,0.41,-97068.0,-0.2,-1170.0,0.95,0.951,252233059.0,239621406,239621406,2026-07-23,2026-07-23 15:34:18+08:00
516730,证券ETF浦银,1.031,1.0315,0.05,0.014,1.38,53274.0,5468471.0,1.017,1.033,1.012,1.017,2.06,2.16,0.86,8.68,37383.0,15891.0,912942.0,16.69,-1683532.0,-30.79,2596474.0,47.48,-759616.0,-13.89,-153327.0,-2.8,-2.0,1.03,1.031,246880800.0,254534105,254534105,2026-07-23,2026-07-23 16:11:44+08:00
515110,一带一路ETF易方达,1.611,1.6083,-0.17,0.022,1.38,42969.0,6872963.0,1.584,1.611,1.583,1.589,1.76,1.99,0.88,10.52,19896.0,23073.0,-147980.0,-2.15,398882.0,5.8,-546862.0,-7.96,-286610.0,-4.17,434590.0,6.32,-10.0,1.609,1.611,216295000.0,348451245,348451245,2026-07-23,2026-07-23 16:11:58+08:00
510900,恒生中国企业ETF易方达,1.037,1.0366,-0.04,0.014,1.37,789034.0,81416937.0,1.023,1.04,1.02,1.023,1.96,2.31,0.35,-23.62,440958.0,348076.0,6473323.0,7.95,4719091.0,5.8,1754232.0,2.15,-3128043.0,-3.84,-3345280.0,-4.11,-1854.0,1.036,1.037,3418021904.0,3544488714,3544488714,2026-07-23,2026-07-23 16:11:48+08:00
516360,新材料ETF华宝,1.035,1.0328,-0.21,0.014,1.37,25981.0,2671289.0,1.019,1.036,1.016,1.021,1.96,4.68,0.87,10.36,10773.0,15208.0,328149.0,12.28,0.0,0.0,328149.0,12.28,-308386.0,-11.54,-19763.0,-0.74,-90.0,1.032,1.035,55551800.0,57496113,57496113,2026-07-23,2026-07-23 16:11:33+08:00
159605,中概互联ETF广发,0.814,0.8078,-0.77,0.011,1.37,4102198.0,332352311.1,0.803,0.818,0.796,0.803,2.74,9.7,0.74,-38.88,2081392.0,2020806.0,22891941.0,6.89,23771622.0,7.15,-879681.0,-0.26,-17521259.0,-5.27,-5370682.0,-1.62,8602.0,0.813,0.814,4230486160.0,3443615734,3443615734,2026-07-23,2026-07-23 15:34:54+08:00
159236,自由现金流ETF工银,1.183,1.1844,0.12,0.016,1.37,10279.0,1209412.9,1.165,1.184,1.16,1.167,2.06,2.3,0.28,-33.47,5887.0,4392.0,46942.0,3.88,0.0,0.0,46942.0,3.88,54947.0,4.54,-101890.0,-8.42,-7.0,1.183,1.184,44722161.0,52906316,52906316,2026-07-23,2026-07-23 15:34:15+08:00
159536,中证2000ETF汇添富,1.257,1.2615,0.36,0.017,1.37,195484.0,24469543.0,1.23,1.262,1.23,1.24,2.58,29.06,0.9,-54.4,97446.0,98038.0,3054306.0,12.48,2381276.0,9.73,673030.0,2.75,-2900824.0,-11.85,-153481.0,-0.63,-452.0,1.257,1.259,67261589.0,84547817,84547817,2026-07-23,2026-07-23 15:34:03+08:00
159792,港股通互联网ETF富国,0.592,0.5927,0.12,0.008,1.37,35637732.0,2093884867.883,0.584,0.593,0.577,0.584,2.74,5.07,0.55,-27.15,19137534.0,16500198.0,74399696.0,3.55,109032464.0,5.21,-34632768.0,-1.65,-64252018.0,-3.07,-10147666.0,-0.48,172774.0,0.591,0.592,70267854848.0,41598570070,41598570070,2026-07-23,2026-07-23 15:34:42+08:00
159220,港股通红利低波ETF华宝,0.593,0.5905,-0.42,0.008,1.37,132277.0,7807796.7,0.585,0.593,0.585,0.585,1.37,2.75,0.34,50.23,75961.0,56316.0,761421.0,9.75,567001.0,7.26,194420.0,2.49,-627904.0,-8.04,-133518.0,-1.71,97.0,0.592,0.593,481569520.0,285570725,285570725,2026-07-23,2026-07-23 15:34:06+08:00
516810,农业ETF华夏,0.743,0.7421,-0.12,0.01,1.36,1040032.0,76241998.0,0.731,0.744,0.724,0.733,2.73,19.75,0.82,2.16,544042.0,495990.0,905150.0,1.19,2065315.0,2.71,-1160165.0,-1.52,-1191492.0,-1.56,286343.0,0.38,-385.0,0.743,0.744,526478896.0,391173820,391173820,2026-07-23,2026-07-23 16:11:33+08:00
159920,恒生ETF华夏,1.494,1.4921,-0.13,0.02,1.36,2443741.0,363457591.167,1.476,1.495,1.472,1.474,1.56,3.78,0.66,-58.32,1330549.0,1113191.0,11836250.0,3.26,13162484.0,3.62,-1326234.0,-0.36,-4901387.0,-1.35,-6934862.0,-1.91,16969.0,1.493,1.494,6467559168.0,9662533397,9662533397,2026-07-23,2026-07-23 15:34:30+08:00
159985,豆粕ETF华夏,2.243,2.1249,-5.56,0.03,1.36,2015744.0,455182039.962,2.249,2.271,2.239,2.213,1.45,13.19,0.76,68.88,1076077.0,939666.0,7261688.0,1.6,-10753345.0,-2.36,18015033.0,3.96,-15010613.0,-3.3,7748927.0,1.7,-14548.0,2.243,2.244,1528324064.0,3428030876,3428030876,2026-07-23,2026-07-23 15:34:42+08:00
159666,交通运输ETF华夏,0.967,0.9631,-0.4,0.013,1.36,200529.0,19149087.1,0.955,0.967,0.946,0.954,2.2,18.26,0.89,2.88,114663.0,85866.0,-477216.0,-2.49,1992.0,0.01,-479208.0,-2.5,120785.0,0.63,356430.0,1.86,601.0,0.963,0.967,109832905.0,106208419,106208419,2026-07-23,2026-07-23 15:34:12+08:00
516110,汽车ETF国泰,1.119,1.1186,-0.04,0.015,1.36,204675.0,22688198.0,1.101,1.119,1.086,1.104,2.99,8.76,0.65,-5.99,80019.0,124656.0,2021831.0,8.91,2328933.0,10.26,-307102.0,-1.35,-1518183.0,-6.69,-503647.0,-2.22,-1775.0,1.118,1.119,233623100.0,261424249,261424249,2026-07-23,2026-07-23 16:11:44+08:00
512040,价值ETF富国,1.2,1.1978,-0.18,0.016,1.35,2288195.0,272721262.0,1.183,1.201,1.178,1.184,1.94,5.73,1.16,13.35,1361033.0,927162.0,6877678.0,2.52,-38665155.0,-14.18,45542833.0,16.7,3773215.0,1.38,-10650894.0,-3.91,-7158.0,1.199,1.2,3994715904.0,4793659085,4793659085,2026-07-23,2026-07-23 16:11:53+08:00
159186,港股通汽车ETF鹏华,0.755,0.7582,0.42,0.01,1.34,28084.0,2105006.7,0.745,0.755,0.737,0.745,2.42,3.23,0.74,56.84,20697.0,7387.0,127702.0,6.07,0.0,0.0,127702.0,6.07,-75735.0,-3.6,-51965.0,-2.47,50.0,0.754,0.755,86869245.0,65586280,65586280,2026-07-23,2026-07-23 15:34:51+08:00
159322,黄金股ETF平安,1.518,1.5184,0.03,0.02,1.34,145530.0,21986157.4,1.502,1.55,1.48,1.498,4.67,11.79,1.35,75.02,67007.0,78523.0,-3699752.0,-16.83,-985403.0,-4.48,-2714349.0,-12.35,3412189.0,15.52,287564.0,1.31,-153.0,1.518,1.519,123411691.0,187338947,187338947,2026-07-23,2026-07-23 15:34:57+08:00
563780,现金流全指ETF方正富邦,1.209,1.2077,-0.11,0.016,1.34,30251.0,3632912.0,1.189,1.21,1.185,1.193,2.1,0.89,0.63,7.62,19493.0,10758.0,-543285.0,-14.95,0.0,0.0,-543285.0,-14.95,315631.0,8.69,227655.0,6.27,-9.0,1.209,1.21,339027104.0,409883769,409883769,2026-07-23,2026-07-23 16:11:40+08:00
159289,创业板综指ETF鹏华,1.07,1.0636,-0.6,0.014,1.33,16376.0,1736421.321,1.056,1.07,1.047,1.056,2.18,4.83,0.35,30.64,10506.0,5870.0,515766.0,29.7,-273563.0,-15.75,789329.0,45.46,-437071.0,-25.17,-78695.0,-4.53,-98.0,1.07,1.077,33902640.0,36275825,36275825,2026-07-23,2026-07-23 15:34:42+08:00
159685,1000增强ETF天弘,1.367,1.3691,0.15,0.018,1.33,14574.0,1988473.8,1.358,1.374,1.353,1.349,1.56,7.5,0.43,-63.67,8081.0,6493.0,-39712.0,-2.0,-682500.0,-34.32,642788.0,32.33,26104.0,1.31,13607.0,0.68,-23.0,1.367,1.369,19440067.0,26574572,26574572,2026-07-23,2026-07-23 15:34:54+08:00
516460,现金流ETF800鹏华,1.223,1.2238,0.07,0.016,1.33,75334.0,9151919.0,1.21,1.226,1.202,1.207,1.99,1.73,0.46,0.31,45802.0,29532.0,-182999.0,-2.0,-671957.0,-7.34,488958.0,5.34,119339.0,1.3,63661.0,0.7,-28.0,1.223,1.227,436693008.0,534075549,534075549,2026-07-23,2026-07-23 16:11:55+08:00
159954,恒生中国企业ETF南方,0.917,0.9154,-0.17,0.012,1.33,20314.0,1855827.3,0.905,0.919,0.904,0.905,1.66,1.05,0.4,-21.35,10227.0,10087.0,623468.0,33.6,0.0,0.0,623468.0,33.6,-555314.0,-29.92,-68154.0,-3.67,22.0,0.915,0.917,192605083.0,176618861,176618861,2026-07-23,2026-07-23 15:34:09+08:00
562080,300现金流ETF华宝,0.614,0.615,0.16,0.008,1.32,480913.0,29354908.0,0.607,0.616,0.605,0.606,1.82,7.67,1.05,-0.2,226539.0,254374.0,1472059.0,5.01,2097459.0,7.15,-625400.0,-2.13,-688152.0,-2.34,-783908.0,-2.67,-500.0,0.614,0.615,626757200.0,384828921,384828921,2026-07-23,2026-07-23 16:11:36+08:00
563230,卫星ETF富国,1.072,1.0714,-0.06,0.014,1.32,2312626.0,247015792.0,1.05,1.081,1.049,1.058,3.02,6.48,0.66,28.78,1327859.0,984767.0,-27607044.0,-11.18,-244942.0,-0.1,-27362102.0,-11.08,-12156442.0,-4.92,39763487.0,16.1,-13092.0,1.071,1.072,3567237008.0,3824078073,3824078073,2026-07-23,2026-07-23 16:11:35+08:00
159037,价值ETF鹏华,0.997,0.9987,0.17,0.013,1.32,59324.0,5903961.471,0.994,0.998,0.983,0.984,1.52,4.59,1.39,-74.44,51565.0,7758.0,479253.0,8.12,1340969.0,22.71,-861716.0,-14.6,-427313.0,-7.24,-51940.0,-0.88,-181.0,0.994,0.997,129249832.0,128862083,128862083,2026-07-23,2026-07-23 15:34:30+08:00
512000,券商ETF华宝,0.539,0.5394,0.07,0.007,1.32,19082721.0,1023139107.0,0.533,0.541,0.531,0.532,1.88,2.52,0.76,-40.83,12103893.0,6978828.0,69591769.0,6.8,148262000.0,14.49,-78670231.0,-7.69,-55498989.0,-5.42,-14092774.0,-1.38,-169109.0,0.538,0.539,75602436096.0,40749713056,40749713056,2026-07-23,2026-07-23 16:11:49+08:00
560270,电力ETF工银,0.999,0.9965,-0.25,0.013,1.32,222761.0,22133406.0,0.984,1.007,0.975,0.986,3.25,12.14,0.98,-7.81,106490.0,116271.0,1151168.0,5.2,-217986.0,-0.98,1369154.0,6.19,-790231.0,-3.57,-360936.0,-1.63,-6161.0,0.999,1.0,183439000.0,183255561,183255561,2026-07-23,2026-07-23 16:11:47+08:00
159179,港股通互联网ETF工银,0.847,0.8484,0.17,0.011,1.32,145433.0,12263069.106,0.836,0.85,0.828,0.836,2.63,14.56,0.42,-50.66,68251.0,77182.0,1003452.0,8.18,0.0,0.0,1003452.0,8.18,-963594.0,-7.86,-39858.0,-0.33,1079.0,0.846,0.848,99903568.0,84618322,84618322,2026-07-23,2026-07-23 15:34:30+08:00
159993,证券ETF鹏华,1.224,1.2255,0.12,0.016,1.32,678784.0,82619295.9,1.209,1.227,1.206,1.208,1.74,1.76,0.6,-73.06,412549.0,266235.0,11982251.0,14.5,6267883.0,7.59,5714368.0,6.92,-7196228.0,-8.71,-4786022.0,-5.79,3478.0,1.223,1.224,3853697984.0,4716926332,4716926332,2026-07-23,2026-07-23 15:34:36+08:00
512630,卫星ETF广发,1.072,1.071,-0.09,0.014,1.32,1338270.0,142931776.0,1.051,1.081,1.051,1.058,2.84,7.05,0.65,4.22,755662.0,582608.0,19220899.0,13.45,9572279.0,6.7,9648620.0,6.75,-12230290.0,-8.56,-6990609.0,-4.89,-8178.0,1.072,1.073,1897426000.0,2034040672,2034040672,2026-07-23,2026-07-23 16:11:50+08:00
516550,农业ETF嘉实,0.698,0.6971,-0.13,0.009,1.31,72817.0,5019655.0,0.689,0.698,0.682,0.689,2.32,2.92,0.54,-4.38,44256.0,28561.0,3932.0,0.08,69.0,0.0,3863.0,0.08,2399.0,0.05,-6332.0,-0.13,-807.0,0.698,0.699,249414400.0,174091251,174091251,2026-07-23,2026-07-23 16:11:57+08:00
