代码,名称,最新价,IOPV实时估值,基金折价率,涨跌额,涨跌幅,成交量,成交额,开盘价,最高价,最低价,昨收,振幅,换手率,量比,委比,外盘,内盘,主力净流入-净额,主力净流入-净占比,超大单净流入-净额,超大单净流入-净占比,大单净流入-净额,大单净流入-净占比,中单净流入-净额,中单净流入-净占比,小单净流入-净额,小单净流入-净占比,现手,买一,卖一,最新份额,流通市值,总市值,数据日期,更新时间
512630,卫星ETF广发,1.45,1.4098,-2.85,0.111,8.29,6130586.0,879343780.0,1.328,1.473,1.324,1.339,11.13,36.42,3.85,83.76,3172303.0,2958283.0,-78319485.0,-8.91,-145724720.0,-16.57,67405235.0,7.67,48158998.0,5.48,30160494.0,3.43,-52922.0,1.45,1.451,1683426000.0,2440967700,2440967700,2026-07-10,2026-07-10 16:11:35+08:00
563230,卫星ETF富国,1.45,1.4101,-2.83,0.11,8.21,11503959.0,1657622526.0,1.33,1.474,1.324,1.34,11.19,33.92,4.32,67.45,6118123.0,5385835.0,-88210848.0,-5.32,-262230800.0,-15.82,174019952.0,10.5,55607440.0,3.35,32603427.0,1.97,-119955.0,1.45,1.451,3391237008.0,4917293662,4917293662,2026-07-10,2026-07-10 16:11:50+08:00
159283,通用航空ETF南方,1.011,0.9816,-3.0,0.076,8.13,310187.0,30361218.2,0.932,1.029,0.921,0.935,11.55,10.53,1.75,85.13,182591.0,127596.0,4869488.0,16.04,-255623.0,-0.84,5125111.0,16.88,-2053436.0,-6.76,-2816052.0,-9.28,-1588.0,1.011,1.012,294437984.0,297676802,297676802,2026-07-10,2026-07-10 15:34:24+08:00
563530,卫星ETF易方达,1.443,1.4053,-2.68,0.105,7.85,5935238.0,852023052.0,1.334,1.472,1.322,1.338,11.21,38.52,4.46,61.43,2955392.0,2979846.0,-117209801.0,-13.76,-204896116.0,-24.05,87686315.0,10.29,65867281.0,7.73,51342516.0,6.03,-71601.0,1.443,1.444,1540748000.0,2223299364,2223299364,2026-07-10,2026-07-10 16:11:43+08:00
563790,卫星ETF鹏华,1.085,1.0582,-2.53,0.078,7.75,3453001.0,371576189.0,1.006,1.108,0.997,1.007,11.02,29.58,3.24,26.03,1909142.0,1543859.0,35097182.0,9.45,33655315.0,9.06,1441867.0,0.39,-19173488.0,-5.16,-15923695.0,-4.29,-20297.0,1.085,1.086,1167447008.0,1266680004,1266680004,2026-07-10,2026-07-10 16:11:37+08:00
159218,卫星ETF招商,1.751,1.724,-1.57,0.115,7.03,5875589.0,1031922809.792,1.632,1.8,1.617,1.636,11.19,25.65,3.93,89.89,3012098.0,2863491.0,57202015.0,5.54,-46180640.0,-4.48,103382655.0,10.02,-25545376.0,-2.48,-31656625.0,-3.07,-39252.0,1.751,1.752,2290616384.0,4010869288,4010869288,2026-07-10,2026-07-10 15:34:00+08:00
563320,通用航空ETF华泰柏瑞,0.982,0.9629,-1.98,0.064,6.97,569591.0,55309792.0,0.918,1.01,0.906,0.918,11.33,25.9,2.11,-26.56,313271.0,256320.0,4231306.0,7.65,2188164.0,3.96,2043142.0,3.69,929637.0,1.68,-5160942.0,-9.33,-11865.0,0.981,0.982,219892000.0,215933944,215933944,2026-07-10,2026-07-10 16:11:52+08:00
563870,通用航空ETF鹏华,0.753,0.7435,-1.28,0.046,6.51,180783.0,13654000.0,0.707,0.778,0.697,0.707,11.46,16.54,5.33,45.84,108880.0,71903.0,-416473.0,-3.05,-1290546.0,-9.45,874073.0,6.4,282592.0,2.07,133881.0,0.98,-945.0,0.753,0.755,109303900.0,82305837,82305837,2026-07-10,2026-07-10 16:11:43+08:00
561660,通用航空ETF平安,1.039,1.0277,-1.1,0.06,6.13,193912.0,19908983.0,0.975,1.077,0.965,0.979,11.44,29.07,2.81,-7.8,103059.0,90853.0,-1510098.0,-7.59,-1429800.0,-7.18,-80298.0,-0.4,2500824.0,12.56,-990726.0,-4.98,-6840.0,1.039,1.042,66710000.0,69311690,69311690,2026-07-10,2026-07-10 16:12:00+08:00
159208,航空航天ETF万家,1.189,1.1711,-1.53,0.067,5.97,723505.0,85523693.8,1.122,1.234,1.108,1.122,11.23,21.25,2.46,-28.35,378616.0,344889.0,-1582925.0,-1.85,-4577433.0,-5.35,2994508.0,3.5,455804.0,0.53,1127122.0,1.32,-7586.0,1.189,1.19,340462784.0,404810250,404810250,2026-07-10,2026-07-10 15:34:51+08:00
159206,卫星ETF永赢,1.795,1.7722,-1.29,0.099,5.84,29402256.0,5315424951.881,1.694,1.866,1.667,1.696,11.73,24.49,2.98,77.62,15216783.0,14185473.0,-239291952.0,-4.5,-537174304.0,-10.11,297882352.0,5.6,193053344.0,3.63,46238624.0,0.87,-203705.0,1.795,1.796,12004953344.0,21548891252,21548891252,2026-07-10,2026-07-10 15:34:30+08:00
159241,航空航天ETF天弘,1.172,1.1551,-1.46,0.064,5.78,2823671.0,328925246.6,1.106,1.219,1.092,1.108,11.46,24.57,2.55,70.95,1466335.0,1357336.0,-37207268.0,-11.31,-32350800.0,-9.84,-4856468.0,-1.48,26375457.0,8.02,10831809.0,3.29,-15885.0,1.172,1.173,1149074272.0,1346715047,1346715047,2026-07-10,2026-07-10 15:34:12+08:00
159267,航天ETF华安,0.976,0.961,-1.56,0.053,5.74,5479920.0,533897723.74,0.92,1.015,0.908,0.923,11.59,21.02,2.84,43.2,2950546.0,2529374.0,-57580560.0,-10.78,-81642009.0,-15.29,24061449.0,4.51,42703127.0,8.0,14877434.0,2.79,-36179.0,0.976,0.977,2606506128.0,2543949981,2543949981,2026-07-10,2026-07-10 15:34:15+08:00
159227,航空航天ETF华夏,1.141,1.1283,-1.13,0.059,5.45,9522756.0,1087589660.892,1.081,1.19,1.067,1.082,11.37,19.84,2.64,33.59,4958756.0,4564000.0,-54538608.0,-5.01,-78204928.0,-7.19,23666320.0,2.18,30570937.0,2.81,23967668.0,2.2,-58273.0,1.141,1.142,4798911232.0,5475557716,5475557716,2026-07-10,2026-07-10 15:34:03+08:00
159643,疫苗ETF国泰,0.536,0.5323,-0.7,0.026,5.1,235667.0,12518351.468,0.516,0.543,0.504,0.51,7.65,8.68,1.79,-31.8,132805.0,102862.0,-525791.0,-4.2,1027782.0,8.21,-1553573.0,-12.41,482298.0,3.85,43494.0,0.35,1253.0,0.533,0.536,271390624.0,145465374,145465374,2026-07-10,2026-07-10 15:34:42+08:00
159638,高端装备ETF嘉实,0.955,0.9422,-1.36,0.045,4.95,1059633.0,100030153.582,0.91,0.977,0.906,0.91,7.8,7.14,1.74,18.34,581227.0,478406.0,6371425.0,6.37,8194099.0,8.19,-1822674.0,-1.82,-2762863.0,-2.76,-3608562.0,-3.61,-1631.0,0.955,0.956,1484341936.0,1417546549,1417546549,2026-07-10,2026-07-10 15:34:06+08:00
563380,航空航天ETF华泰柏瑞,1.052,1.0383,-1.32,0.045,4.47,2298206.0,243682720.0,1.011,1.108,0.996,1.007,11.12,24.71,3.34,26.97,1191943.0,1106263.0,-45254049.0,-18.57,-52560374.0,-21.57,7306325.0,3.0,30008440.0,12.31,15245610.0,6.26,-12662.0,1.052,1.053,929950000.0,978307400,978307400,2026-07-10,2026-07-10 16:11:59+08:00
512710,军工龙头ETF富国,0.685,0.6763,-1.29,0.029,4.42,15364089.0,1046276265.0,0.655,0.701,0.652,0.656,7.47,13.21,2.6,31.26,7476018.0,7888071.0,143448021.0,13.71,277743584.0,26.55,-134295563.0,-12.84,-80735869.0,-7.72,-62712149.0,-5.99,-78433.0,0.684,0.685,11627658496.0,7964946070,7964946070,2026-07-10,2026-07-10 16:11:54+08:00
520500,恒生创新药ETF华泰柏瑞,1.422,1.4036,-1.31,0.06,4.41,23925685.0,3349314411.0,1.362,1.43,1.34,1.362,6.61,113.46,1.26,79.46,12447152.0,11478533.0,79808176.0,2.38,-37696096.0,-1.13,117504272.0,3.51,-60763888.0,-1.81,-19044274.0,-0.57,-76176.0,1.422,1.423,2108805008.0,2998720721,2998720721,2026-07-10,2026-07-10 16:11:58+08:00
159567,港股创新药ETF银华,0.694,0.6902,-0.55,0.029,4.36,50645610.0,3456130921.788,0.664,0.698,0.655,0.665,6.47,46.99,1.55,-20.25,26675396.0,23970214.0,54036432.0,1.56,144318992.0,4.18,-90282560.0,-2.61,-42564928.0,-1.23,-11471518.0,-0.33,-137833.0,0.694,0.695,10777729792.0,7479744476,7479744476,2026-07-10,2026-07-10 15:34:36+08:00
159657,疫苗ETF鹏华,0.579,0.5778,-0.21,0.024,4.32,57430.0,3293616.324,0.554,0.584,0.547,0.555,6.67,3.41,2.06,14.69,39538.0,17892.0,1060485.0,32.2,608743.0,18.48,451742.0,13.72,-857863.0,-26.05,-202622.0,-6.15,389.0,0.577,0.579,168514819.0,97570080,97570080,2026-07-10,2026-07-10 15:34:12+08:00
159855,影视ETF银华,0.756,0.7523,-0.49,0.031,4.28,339883.0,25430804.9,0.725,0.763,0.719,0.725,6.07,19.1,2.26,7.4,232728.0,107155.0,1026105.0,4.03,-4430200.0,-17.42,5456305.0,21.46,365911.0,1.44,-1392016.0,-5.47,918.0,0.755,0.756,177925236.0,134511478,134511478,2026-07-10,2026-07-10 15:34:42+08:00
159508,生物医药ETF华安,0.78,0.7749,-0.66,0.032,4.28,196445.0,15142785.9,0.748,0.788,0.737,0.748,6.82,20.5,1.55,56.9,111391.0,85054.0,550571.0,3.64,469207.0,3.1,81364.0,0.54,-520993.0,-3.44,-29578.0,-0.2,-1649.0,0.78,0.781,95831598.0,74748646,74748646,2026-07-10,2026-07-10 15:34:57+08:00
159377,创业板医药ETF国泰,0.954,0.9521,-0.2,0.039,4.26,517057.0,48804517.364,0.905,0.967,0.9,0.915,7.32,36.64,1.46,19.84,274153.0,242904.0,3483490.0,7.14,1672956.0,3.43,1810534.0,3.71,-2486076.0,-5.09,-997416.0,-2.04,-652.0,0.954,0.958,141129399.0,134637447,134637447,2026-07-10,2026-07-10 15:34:06+08:00
562860,疫苗ETF嘉实,0.647,0.6457,-0.2,0.026,4.19,296047.0,19091735.0,0.621,0.655,0.613,0.621,6.76,8.84,1.11,-2.58,169783.0,126264.0,146765.0,0.77,1235239.0,6.47,-1088474.0,-5.7,-237104.0,-1.24,90339.0,0.47,-1107.0,0.646,0.647,334895008.0,216677070,216677070,2026-07-10,2026-07-10 16:12:00+08:00
159506,港股通创新药医疗ETF富国,1.228,1.2193,-0.71,0.048,4.07,11068142.0,1338785540.7,1.187,1.239,1.161,1.18,6.61,50.88,1.4,27.18,5537903.0,5530239.0,25678559.0,1.92,53534943.0,4.0,-27856384.0,-2.08,-22757840.0,-1.7,-2920737.0,-0.22,29461.0,1.227,1.228,2175536976.0,2671559407,2671559407,2026-07-10,2026-07-10 15:34:54+08:00
159645,疫苗ETF富国,0.597,0.5965,-0.08,0.023,4.01,38431.0,2279216.1,0.572,0.606,0.564,0.574,7.32,5.95,2.86,18.36,18967.0,19464.0,152833.0,6.71,-497474.0,-21.83,650307.0,28.53,-62242.0,-2.73,-90591.0,-3.97,100.0,0.597,0.598,64540740.0,38530822,38530822,2026-07-10,2026-07-10 15:34:09+08:00
159257,航空ETF汇添富,0.965,0.9488,-1.71,0.037,3.99,187514.0,18080886.2,0.924,0.995,0.91,0.928,9.16,12.81,1.96,-66.06,96213.0,91301.0,733046.0,4.05,-268717.0,-1.49,1001763.0,5.54,961251.0,5.32,-1694298.0,-9.37,-442.0,0.965,0.966,146416949.0,141292356,141292356,2026-07-10,2026-07-10 15:34:21+08:00
516620,影视ETF国泰,0.848,0.8439,-0.49,0.032,3.92,679589.0,56997644.0,0.813,0.855,0.807,0.816,5.88,39.0,2.76,2.24,383541.0,296048.0,4769547.0,8.37,11065481.0,19.41,-6295934.0,-11.05,-3554507.0,-6.24,-1215039.0,-2.13,-2995.0,0.847,0.848,174267500.0,147778840,147778840,2026-07-10,2026-07-10 16:11:41+08:00
589120,科创创新药ETF汇添富,0.876,0.8774,0.16,0.033,3.91,3722900.0,324742282.0,0.835,0.896,0.828,0.843,8.07,32.73,1.19,-5.72,2043408.0,1679492.0,-6119095.0,-1.88,-376306.0,-0.12,-5742789.0,-1.77,5123885.0,1.58,995209.0,0.31,-27692.0,0.876,0.877,1137620000.0,996555120,996555120,2026-07-10,2026-07-10 16:11:47+08:00
159859,生物医药ETF天弘,0.376,0.375,-0.27,0.014,3.87,7907009.0,294741981.662,0.36,0.381,0.356,0.362,6.91,6.21,1.25,-6.95,4791723.0,3115286.0,36838438.0,12.5,80506403.0,27.31,-43667965.0,-14.82,-29757972.0,-10.1,-7080466.0,-2.4,35576.0,0.375,0.376,12735440128.0,4788525488,4788525488,2026-07-10,2026-07-10 15:34:45+08:00
159839,生物医药ETF汇添富,0.349,0.3482,-0.23,0.013,3.87,2667140.0,92478996.698,0.334,0.354,0.331,0.336,6.85,8.28,1.17,-1.28,1642352.0,1024788.0,11509703.0,12.45,24323981.0,26.3,-12814278.0,-13.86,-9421412.0,-10.19,-2088291.0,-2.26,-13916.0,0.349,0.35,3219735168.0,1123687574,1123687574,2026-07-10,2026-07-10 15:34:06+08:00
159286,港股通创新药ETF鹏华,0.741,0.7382,-0.38,0.027,3.78,3833378.0,279620629.02,0.712,0.747,0.702,0.714,6.3,43.97,1.07,-11.81,2012204.0,1821174.0,4601899.0,1.65,1616929.0,0.58,2984970.0,1.07,-2940098.0,-1.05,-1661801.0,-0.59,-15975.0,0.741,0.742,871785408.0,645992987,645992987,2026-07-10,2026-07-10 15:34:33+08:00
159622,创新药ETF东财,1.1,1.0956,-0.4,0.04,3.77,2496265.0,270925308.057,1.051,1.11,1.048,1.06,5.85,17.75,0.99,37.19,1298598.0,1197667.0,21345294.0,7.88,25170046.0,9.29,-3824752.0,-1.41,-8139561.0,-3.0,-13205731.0,-4.87,-29952.0,1.1,1.101,1406603232.0,1547263555,1547263555,2026-07-10,2026-07-10 15:34:45+08:00
513120,港股创新药ETF广发,1.185,1.1678,-1.47,0.043,3.77,102090806.0,11931538422.0,1.14,1.194,1.126,1.142,5.95,44.57,1.26,-6.45,54243919.0,47846886.0,206930736.0,1.73,193873408.0,1.62,13057328.0,0.11,-143010032.0,-1.2,-63920704.0,-0.54,-338208.0,1.184,1.185,22905635328.0,27143177864,27143177864,2026-07-10,2026-07-10 16:11:50+08:00
159297,港股通创新药ETF南方,0.726,0.7213,-0.65,0.026,3.71,8407322.0,601437784.0,0.701,0.733,0.689,0.7,6.29,24.0,1.14,33.86,4464920.0,3942402.0,-13392365.0,-2.23,-2098285.0,-0.35,-11294080.0,-1.88,8742328.0,1.45,4650051.0,0.77,-5836.0,0.726,0.727,3502418640.0,2542755933,2542755933,2026-07-10,2026-07-10 15:34:39+08:00
589720,科创创新药ETF国泰,0.951,0.952,0.11,0.034,3.71,13975024.0,1323770062.0,0.909,0.972,0.9,0.917,7.85,37.79,0.99,39.4,7352172.0,6622852.0,15909584.0,1.2,-24303440.0,-1.84,40213024.0,3.04,-10630569.0,-0.8,-5279016.0,-0.4,-61946.0,0.951,0.952,3697823008.0,3516629681,3516629681,2026-07-10,2026-07-10 16:11:45+08:00
513780,港股创新药ETF景顺,1.523,1.5057,-1.15,0.054,3.68,5925902.0,893279603.0,1.461,1.54,1.449,1.469,6.19,34.01,1.4,4.68,3106254.0,2819647.0,31261608.0,3.5,6576152.0,0.74,24685456.0,2.76,-20888368.0,-2.34,-10373249.0,-1.16,-8340.0,1.523,1.524,1742157008.0,2653305123,2653305123,2026-07-10,2026-07-10 16:11:55+08:00
159570,港股通创新药ETF汇添富,1.435,1.4277,-0.51,0.051,3.68,34366278.0,4868563677.691,1.38,1.45,1.36,1.384,6.5,21.16,1.14,-5.02,17347268.0,17019010.0,79057952.0,1.62,227200848.0,4.67,-148142896.0,-3.04,-61425648.0,-1.26,-17632283.0,-0.36,140978.0,1.434,1.435,16243597056.0,23309561775,23309561775,2026-07-10,2026-07-10 15:34:39+08:00
512690,酒ETF鹏华,0.397,0.3969,-0.03,0.014,3.66,24276890.0,951263063.0,0.384,0.398,0.38,0.383,4.7,6.91,1.56,-40.95,16226203.0,8050687.0,130269834.0,13.69,275252672.0,28.94,-144982838.0,-15.24,-98517433.0,-10.36,-31752403.0,-3.34,-285124.0,0.397,0.398,35117350144.0,13941588007,13941588007,2026-07-10,2026-07-10 16:12:00+08:00
159217,港股通创新药ETF工银,1.165,1.1574,-0.66,0.041,3.65,11914218.0,1370232683.732,1.12,1.175,1.103,1.124,6.41,23.34,0.97,-15.23,6205201.0,5709017.0,-25667254.0,-1.87,-42225254.0,-3.08,16558000.0,1.21,17456272.0,1.27,8210984.0,0.6,-30515.0,1.165,1.166,5104157696.0,5946343716,5946343716,2026-07-10,2026-07-10 15:34:57+08:00
516080,创新药ETF易方达,0.683,0.6787,-0.63,0.024,3.64,5292845.0,357046753.0,0.654,0.69,0.649,0.659,6.22,12.02,1.1,22.07,2788442.0,2504403.0,21838518.0,6.12,29141896.0,8.16,-7303378.0,-2.05,-15221349.0,-4.26,-6617168.0,-1.85,-60554.0,0.682,0.683,4402554880.0,3006944983,3006944983,2026-07-10,2026-07-10 16:11:34+08:00
159169,恒生生物科技ETF广发,0.915,0.9146,-0.04,0.032,3.62,1196448.0,108748428.199,0.886,0.926,0.873,0.883,6.0,63.68,1.67,17.7,620974.0,575474.0,4159294.0,3.82,-2639879.0,-2.43,6799173.0,6.25,-3677145.0,-3.38,-482150.0,-0.44,1247.0,0.914,0.915,187874485.0,171905154,171905154,2026-07-10,2026-07-10 15:34:24+08:00
159102,港股通生物科技ETF华安,0.76,0.7603,0.04,0.026,3.54,2174306.0,163813034.646,0.735,0.769,0.726,0.734,5.86,28.29,1.39,-61.93,1121081.0,1053224.0,7621049.0,4.65,1815056.0,1.11,5805993.0,3.54,-7385929.0,-4.51,-235120.0,-0.14,3118.0,0.759,0.76,768622000.0,584152720,584152720,2026-07-10,2026-07-10 15:34:06+08:00
513280,恒生生物科技ETF汇添富,1.031,1.0198,-1.1,0.035,3.51,2101139.0,214376171.0,0.993,1.044,0.984,0.996,6.02,51.87,1.36,9.75,1091648.0,1009491.0,5350437.0,2.5,-3979269.0,-1.86,9329706.0,4.35,-3935890.0,-1.84,-1414547.0,-0.66,-1085.0,1.031,1.032,405114496.0,417673045,417673045,2026-07-10,2026-07-10 16:11:40+08:00
560710,船舶ETF富国,0.914,0.9119,-0.23,0.031,3.51,1047346.0,95312406.0,0.876,0.931,0.876,0.883,6.23,5.3,0.97,-7.27,643868.0,403478.0,19382081.0,20.34,13003817.0,13.64,6378264.0,6.69,-11463885.0,-12.03,-7918197.0,-8.31,-8085.0,0.913,0.914,1974580000.0,1804766120,1804766120,2026-07-10,2026-07-10 16:11:45+08:00
516060,创新药ETF工银,0.59,0.5894,-0.1,0.02,3.51,329972.0,19294114.0,0.566,0.598,0.561,0.57,6.49,9.81,1.05,4.6,204715.0,125257.0,730220.0,3.78,2250652.0,11.66,-1520432.0,-7.88,-437945.0,-2.27,-292275.0,-1.51,-3343.0,0.589,0.59,336237408.0,198380071,198380071,2026-07-10,2026-07-10 16:11:33+08:00
159378,通用航空ETF永赢,1.13,1.1189,-0.99,0.038,3.48,497045.0,55595300.7,1.09,1.163,1.077,1.092,7.88,9.15,1.77,25.22,300070.0,196975.0,7865741.0,14.15,-215400.0,-0.39,8081141.0,14.54,-59339.0,-0.11,-7806403.0,-14.04,-700.0,1.13,1.133,543271072.0,613896311,613896311,2026-07-10,2026-07-10 15:34:24+08:00
159858,创新药ETF南方,0.685,0.6838,-0.18,0.023,3.47,961049.0,65244461.9,0.657,0.696,0.65,0.662,6.95,10.17,1.14,25.27,508390.0,452659.0,3139475.0,4.81,7644186.0,11.72,-4504711.0,-6.9,-2124351.0,-3.26,-1015124.0,-1.56,-4454.0,0.685,0.686,945098320.0,647392349,647392349,2026-07-10,2026-07-10 15:34:15+08:00
520880,港股通创新药ETF华宝,0.449,0.4447,-0.97,0.015,3.46,21632296.0,958607082.0,0.434,0.453,0.427,0.434,5.99,40.03,1.21,7.22,11838919.0,9793377.0,24986016.0,2.61,41225360.0,4.3,-16239344.0,-1.69,-19567493.0,-2.04,-5418539.0,-0.57,-59345.0,0.449,0.45,5403618048.0,2426224504,2426224504,2026-07-10,2026-07-10 16:11:54+08:00
159615,恒生生物科技ETF南方,1.046,1.0445,-0.14,0.035,3.46,2771442.0,286469744.6,1.011,1.059,0.997,1.011,6.13,52.88,1.49,53.46,1395083.0,1376359.0,1270899.0,0.44,-9765202.0,-3.41,11036101.0,3.85,-1543835.0,-0.54,272937.0,0.1,2302.0,1.044,1.046,524054896.0,548161421,548161421,2026-07-10,2026-07-10 15:34:21+08:00
520700,港股通创新药ETF万家,1.467,1.4498,-1.19,0.049,3.46,5126979.0,744301849.0,1.418,1.484,1.399,1.418,5.99,101.11,1.51,-24.72,2601006.0,2525973.0,19265100.0,2.59,7836444.0,1.05,11428656.0,1.54,-17230912.0,-2.32,-2034193.0,-0.27,-6057.0,1.466,1.467,507076000.0,743880492,743880492,2026-07-10,2026-07-10 16:11:57+08:00
561920,疫苗ETF招商,0.657,0.6586,0.24,0.022,3.46,28908.0,1889111.0,0.632,0.666,0.624,0.635,6.61,6.06,1.45,-12.06,10788.0,18120.0,-109242.0,-5.78,-984545.0,-52.12,875303.0,46.33,108197.0,5.73,1046.0,0.06,-81.0,0.657,0.658,47692000.0,31333644,31333644,2026-07-10,2026-07-10 16:11:45+08:00
159776,港股医药ETF银华,1.106,1.1038,-0.2,0.037,3.46,861274.0,94250196.4,1.068,1.118,1.058,1.069,5.61,100.18,1.6,42.25,431015.0,430259.0,-645459.0,-0.68,0.0,0.0,-645459.0,-0.68,550398.0,0.58,95060.0,0.1,231.0,1.105,1.106,85968765.0,95081454,95081454,2026-07-10,2026-07-10 15:34:27+08:00
513930,恒生生物科技ETF华泰柏瑞,0.961,0.9499,-1.17,0.032,3.44,2660894.0,253143988.0,0.929,0.973,0.917,0.929,6.03,277.44,1.52,7.88,1340564.0,1320330.0,2391456.0,0.94,-7474826.0,-2.95,9866282.0,3.9,-1881811.0,-0.74,-509644.0,-0.2,-33.0,0.96,0.961,95908000.0,92167588,92167588,2026-07-10,2026-07-10 16:11:49+08:00
159748,创新药ETF富国,0.782,0.7784,-0.46,0.026,3.44,2678560.0,207027057.775,0.754,0.79,0.741,0.756,6.48,14.51,0.85,48.62,1487967.0,1190593.0,18893945.0,9.13,20747666.0,10.02,-1853721.0,-0.9,-12335873.0,-5.96,-6558073.0,-3.17,-17430.0,0.782,0.783,1845692128.0,1443331244,1443331244,2026-07-10,2026-07-10 15:34:27+08:00
515120,创新药ETF广发,0.641,0.6394,-0.25,0.021,3.39,17435610.0,1108666195.0,0.614,0.65,0.61,0.62,6.45,9.34,0.98,19.6,9550801.0,7884809.0,135241808.0,12.2,193046656.0,17.41,-57804848.0,-5.21,-95720458.0,-8.63,-39521347.0,-3.56,-102017.0,0.64,0.641,18672993536.0,11969388857,11969388857,2026-07-10,2026-07-10 16:11:58+08:00
159231,通用航空ETF华宝,0.551,0.5511,0.02,0.018,3.38,240498.0,13150762.3,0.532,0.569,0.525,0.533,8.26,7.18,1.33,19.3,141064.0,99434.0,2690420.0,20.46,888525.0,6.76,1801895.0,13.7,-474694.0,-3.61,-2215726.0,-16.85,119.0,0.55,0.551,335091856.0,184635613,184635613,2026-07-10,2026-07-10 15:34:06+08:00
159130,恒生生物科技ETF鹏华,0.86,0.8625,0.29,0.028,3.37,444136.0,38157196.288,0.839,0.874,0.823,0.832,6.13,17.95,1.96,-49.35,221042.0,223094.0,342829.0,0.9,456296.0,1.2,-113467.0,-0.3,-735157.0,-1.93,392328.0,1.03,-229.0,0.86,0.863,247389466.0,212754941,212754941,2026-07-10,2026-07-10 15:34:03+08:00
159132,恒生生物科技ETF富国,0.89,0.8894,-0.07,0.029,3.37,1517761.0,134498864.298,0.862,0.905,0.852,0.861,6.16,112.46,1.7,-50.12,797483.0,720278.0,-785070.0,-0.58,2932996.0,2.18,-3718066.0,-2.76,382639.0,0.28,402431.0,0.3,1817.0,0.889,0.89,134963558.0,120117567,120117567,2026-07-10,2026-07-10 15:34:03+08:00
159725,线上消费ETF工银,0.8,0.7934,-0.83,0.026,3.36,136854.0,10914226.1,0.767,0.813,0.761,0.774,6.72,11.09,1.92,3.15,90460.0,46394.0,1663986.0,15.25,4289125.0,39.3,-2625139.0,-24.05,-243602.0,-2.23,-1420383.0,-13.01,-1071.0,0.8,0.803,123424924.0,98739939,98739939,2026-07-10,2026-07-10 15:34:42+08:00
159230,通用航空ETF华夏,1.057,1.0533,-0.35,0.034,3.32,332196.0,34801557.1,1.025,1.092,1.011,1.023,7.92,10.47,1.41,15.94,187232.0,144964.0,5198297.0,14.94,3245312.0,9.33,1952985.0,5.61,244394.0,0.7,-5442692.0,-15.64,-53.0,1.057,1.06,317304224.0,335390565,335390565,2026-07-10,2026-07-10 15:34:03+08:00
159366,港股医疗ETF永赢,1.283,1.2787,-0.34,0.041,3.3,1550888.0,197198836.5,1.25,1.302,1.23,1.242,5.8,76.65,1.24,59.14,763952.0,786936.0,283663.0,0.14,-1353219.0,-0.69,1636882.0,0.83,-186940.0,-0.09,-96723.0,-0.05,-2072.0,1.283,1.284,202333072.0,259593331,259593331,2026-07-10,2026-07-10 15:34:00+08:00
520970,港股通创新药ETF嘉实,0.819,0.8103,-1.07,0.026,3.28,2350106.0,190875637.0,0.793,0.83,0.78,0.793,6.31,17.88,1.37,5.14,1233488.0,1116618.0,4282541.0,2.24,8349486.0,4.37,-4066945.0,-2.13,-3261055.0,-1.71,-1021485.0,-0.54,-4959.0,0.818,0.819,1314358000.0,1076459202,1076459202,2026-07-10,2026-07-10 16:11:42+08:00
159303,恒生医疗ETF大成,1.489,1.4888,-0.01,0.047,3.26,1671367.0,246090840.7,1.443,1.508,1.423,1.442,5.89,157.69,0.93,49.16,863346.0,808021.0,11213288.0,4.56,7427136.0,3.02,3786152.0,1.54,-10876578.0,-4.42,-336710.0,-0.14,-3109.0,1.489,1.49,105991693.0,157821631,157821631,2026-07-10,2026-07-10 15:34:54+08:00
520690,港股创新药ETF博时,0.728,0.7211,-0.96,0.023,3.26,3483310.0,250913248.0,0.701,0.736,0.693,0.705,6.1,48.08,1.35,-27.54,1851414.0,1631896.0,5728828.0,2.28,3066195.0,1.22,2662633.0,1.06,-3530000.0,-1.41,-2198827.0,-0.88,-17991.0,0.727,0.728,724454000.0,527402512,527402512,2026-07-10,2026-07-10 16:11:39+08:00
526010,港股通医疗ETF汇添富,0.918,0.9129,-0.56,0.029,3.26,1034521.0,95678304.0,0.887,0.938,0.878,0.889,6.75,131.86,9.08,-67.98,538864.0,495657.0,1056319.0,1.1,-3600405.0,-3.76,4656724.0,4.87,-2758929.0,-2.88,1702609.0,1.78,-1512.0,0.917,0.918,78458000.0,72024444,72024444,2026-07-10,2026-07-10 16:11:43+08:00
513200,港股通医药ETF易方达,0.985,0.9767,-0.85,0.031,3.25,5368353.0,524940057.0,0.955,1.0,0.945,0.954,5.77,55.38,1.54,-16.98,2786793.0,2581560.0,27768905.0,5.29,4116745.0,0.78,23652160.0,4.51,-24633341.0,-4.69,-3135565.0,-0.6,-1527.0,0.985,0.986,969282096.0,954742865,954742865,2026-07-10,2026-07-10 16:11:59+08:00
560900,创新药ETF摩根,0.921,0.9205,-0.05,0.029,3.25,529251.0,48425478.0,0.879,0.935,0.877,0.892,6.5,22.91,1.42,-1.91,243958.0,285293.0,2663681.0,5.5,5050389.0,10.43,-2386708.0,-4.93,-1531214.0,-3.16,-1132466.0,-2.34,-2019.0,0.921,0.922,230969100.0,212722541,212722541,2026-07-10,2026-07-10 16:11:51+08:00
517380,创新药ETF天弘,0.794,0.7874,-0.84,0.025,3.25,1632823.0,128893344.0,0.768,0.804,0.758,0.769,5.98,6.42,1.26,41.55,728753.0,904070.0,5707574.0,4.43,15943319.0,12.37,-10235745.0,-7.94,-3800764.0,-2.95,-1906809.0,-1.48,-7127.0,0.794,0.795,2542326304.0,2018607085,2018607085,2026-07-10,2026-07-10 16:11:47+08:00
159105,恒生生物科技ETF易方达,0.862,0.86,-0.23,0.027,3.23,3792326.0,323465541.232,0.831,0.873,0.822,0.835,6.11,163.98,1.37,12.78,1982638.0,1809688.0,7471142.0,2.31,-3351017.0,-1.04,10822159.0,3.35,-7802004.0,-2.41,330862.0,0.1,284.0,0.86,0.862,231272984.0,199357312,199357312,2026-07-10,2026-07-10 15:34:06+08:00
520760,恒生生物科技ETF摩根,0.895,0.8867,-0.94,0.028,3.23,1112439.0,98926246.0,0.866,0.906,0.856,0.867,5.77,57.2,2.47,-8.34,564615.0,547824.0,2899640.0,2.93,-110364.0,-0.11,3010004.0,3.04,-2335185.0,-2.36,-564455.0,-0.57,-25.0,0.894,0.895,194466000.0,174047070,174047070,2026-07-10,2026-07-10 16:11:35+08:00
159707,地产ETF华宝,0.45,0.4484,-0.36,0.014,3.21,2100624.0,92917373.7,0.434,0.453,0.43,0.436,5.28,18.75,1.53,60.08,968347.0,1132277.0,-5279462.0,-5.68,-7166178.0,-7.71,1886716.0,2.03,4911009.0,5.29,368454.0,0.4,3046.0,0.449,0.45,1120048208.0,504021694,504021694,2026-07-10,2026-07-10 15:34:06+08:00
159837,生物科技ETF易方达,0.482,0.4822,0.04,0.015,3.21,1314608.0,63017889.316,0.466,0.489,0.461,0.467,6.0,4.16,1.18,-30.37,738313.0,576295.0,9285239.0,14.73,11946997.0,18.96,-2661758.0,-4.22,-6578764.0,-10.44,-2706474.0,-4.29,7450.0,0.481,0.482,3163152832.0,1524639665,1524639665,2026-07-10,2026-07-10 15:34:30+08:00
159392,航空ETF富国,1.036,1.0362,0.02,0.032,3.19,347308.0,35779814.8,1.004,1.088,0.99,1.004,9.76,18.85,3.99,-2.81,116426.0,230882.0,307389.0,0.86,11498400.0,32.14,-11191011.0,-31.28,1561195.0,4.36,-1868585.0,-5.22,578.0,1.035,1.036,184285500.0,190919778,190919778,2026-07-10,2026-07-10 15:34:45+08:00
159255,通用航空ETF易方达,0.945,0.9416,-0.36,0.029,3.17,164788.0,15569753.9,0.909,0.979,0.903,0.916,8.3,23.77,1.84,-62.19,90916.0,73872.0,599497.0,3.85,-589661.0,-3.79,1189158.0,7.64,1205887.0,7.75,-1805383.0,-11.6,-188.0,0.945,0.946,69338868.0,65525230,65525230,2026-07-10,2026-07-10 15:34:06+08:00
159316,港股通创新药ETF易方达,1.138,1.1368,-0.11,0.035,3.17,16921084.0,1909378594.987,1.1,1.152,1.084,1.103,6.17,32.96,0.99,-33.26,8732292.0,8188792.0,68551344.0,3.59,85330080.0,4.47,-16778736.0,-0.88,-56608688.0,-2.96,-11942669.0,-0.63,50054.0,1.137,1.138,5134336256.0,5842874659,5842874659,2026-07-10,2026-07-10 15:34:39+08:00
513700,港股通医药ETF鹏华,0.588,0.5829,-0.87,0.018,3.16,4194411.0,244491197.0,0.569,0.595,0.562,0.57,5.79,47.78,1.46,-10.92,2124207.0,2070204.0,9525876.0,3.9,12068541.0,4.94,-2542665.0,-1.04,-8163463.0,-3.34,-1362413.0,-0.56,-5146.0,0.588,0.589,877846000.0,516173448,516173448,2026-07-10,2026-07-10 16:11:46+08:00
159992,创新药ETF银华,0.855,0.8545,-0.06,0.026,3.14,16832706.0,1430470758.646,0.82,0.868,0.816,0.829,6.27,8.31,0.94,31.99,9125637.0,7707069.0,179695424.0,12.56,178128464.0,12.45,1566960.0,0.11,-118331598.0,-8.27,-61363831.0,-4.29,111295.0,0.854,0.855,20264381184.0,17326045912,17326045912,2026-07-10,2026-07-10 15:34:27+08:00
159892,恒生医药ETF华夏,0.73,0.7286,-0.19,0.022,3.11,17728456.0,1280447001.836,0.707,0.738,0.698,0.708,5.65,26.68,1.14,-8.63,9479519.0,8248937.0,24109952.0,1.88,22296896.0,1.74,1813056.0,0.14,-14116297.0,-1.1,-9993663.0,-0.78,25688.0,0.729,0.73,6644265984.0,4850314168,4850314168,2026-07-10,2026-07-10 15:34:36+08:00
520930,恒生生物科技ETF国泰,0.895,0.8847,-1.16,0.027,3.11,1484660.0,132055636.0,0.868,0.907,0.855,0.868,5.99,119.03,1.92,22.71,752307.0,732353.0,528190.0,0.4,-4520253.0,-3.42,5048443.0,3.82,-1423985.0,-1.08,895795.0,0.68,-1836.0,0.893,0.895,124733000.0,111636035,111636035,2026-07-10,2026-07-10 16:11:54+08:00
513620,港股医疗ETF银华,0.971,0.9661,-0.51,0.029,3.08,743598.0,72020916.0,0.945,0.99,0.936,0.942,5.73,48.53,1.9,-9.47,402321.0,341277.0,896126.0,1.24,-2233435.0,-3.1,3129561.0,4.35,-557421.0,-0.77,-338704.0,-0.47,-495.0,0.971,0.972,153216000.0,148772736,148772736,2026-07-10,2026-07-10 16:11:38+08:00
159805,传媒ETF鹏华,1.171,1.1676,-0.29,0.035,3.08,503740.0,58999848.27,1.138,1.195,1.117,1.136,6.87,20.56,2.03,67.77,236008.0,267732.0,4480884.0,7.59,3075548.0,5.21,1405336.0,2.38,-2253640.0,-3.82,-2227243.0,-3.77,-277.0,1.171,1.172,244952480.0,286839354,286839354,2026-07-10,2026-07-10 15:34:51+08:00
517120,创新药ETF华泰柏瑞,0.705,0.7031,-0.27,0.021,3.07,850300.0,59341357.0,0.683,0.715,0.67,0.684,6.58,12.13,0.57,30.88,481787.0,368513.0,4401107.0,7.42,4250453.0,7.16,150654.0,0.25,-2387472.0,-4.02,-2013635.0,-3.39,-17218.0,0.705,0.706,700966400.0,494181312,494181312,2026-07-10,2026-07-10 16:11:42+08:00
512660,军工ETF国泰,1.281,1.2735,-0.59,0.038,3.06,5296270.0,681035457.0,1.239,1.325,1.239,1.243,6.92,9.79,1.77,7.77,2692251.0,2604019.0,132400238.0,19.44,184115046.0,27.03,-51714808.0,-7.59,-68118879.0,-10.0,-64281356.0,-9.44,-20700.0,1.281,1.282,5411079936.0,6931593398,6931593398,2026-07-10,2026-07-10 16:12:00+08:00
516500,生物科技ETF华夏,0.614,0.6146,0.1,0.018,3.02,574290.0,35295975.0,0.593,0.625,0.589,0.596,6.04,19.74,2.1,9.77,173440.0,400850.0,2166972.0,6.14,9234669.0,26.16,-7067697.0,-20.02,-1222673.0,-3.46,-944300.0,-2.68,-237.0,0.613,0.614,290937200.0,178635441,178635441,2026-07-10,2026-07-10 16:11:53+08:00
159557,恒生医疗ETF嘉实,1.36,1.3618,0.13,0.039,2.95,1536098.0,207451253.8,1.319,1.378,1.303,1.321,5.68,105.29,1.12,57.16,773164.0,762934.0,-3485307.0,-1.68,1157807.0,0.56,-4643114.0,-2.24,3803371.0,1.83,-318063.0,-0.15,-335.0,1.36,1.361,145894955.0,198417139,198417139,2026-07-10,2026-07-10 15:34:15+08:00
159835,创新药ETF建信,0.663,0.6643,0.2,0.019,2.95,588550.0,38941769.7,0.638,0.674,0.634,0.644,6.21,13.18,1.11,-62.2,302404.0,286146.0,2172175.0,5.58,71945.0,0.18,2100230.0,5.39,-990239.0,-2.54,-1181937.0,-3.04,-2253.0,0.663,0.664,446504144.0,296032247,296032247,2026-07-10,2026-07-10 15:34:00+08:00
520510,港股通医疗ETF华夏,0.837,0.8323,-0.56,0.024,2.95,3795218.0,316907895.0,0.809,0.853,0.806,0.813,5.78,175.11,1.51,20.07,1929604.0,1865614.0,6564947.0,2.07,4036044.0,1.27,2528903.0,0.8,-5044072.0,-1.59,-1520875.0,-0.48,-2853.0,0.836,0.837,216728000.0,181401336,181401336,2026-07-10,2026-07-10 16:11:45+08:00
159849,生物科技ETF招商,0.49,0.4913,0.26,0.014,2.94,106073.0,5204236.5,0.475,0.499,0.471,0.476,5.88,6.01,1.24,10.05,51082.0,54991.0,786215.0,15.11,1775920.0,34.12,-989705.0,-19.02,-536766.0,-10.31,-249449.0,-4.79,-1.0,0.49,0.491,176372396.0,86422474,86422474,2026-07-10,2026-07-10 15:34:09+08:00
517110,创新药ETF国泰,0.737,0.7324,-0.63,0.021,2.93,1343019.0,97800227.0,0.706,0.746,0.703,0.716,6.01,9.59,0.98,4.53,771038.0,571981.0,3720503.0,3.8,2577730.0,2.64,1142773.0,1.17,-1796307.0,-1.84,-1924198.0,-1.97,-8950.0,0.736,0.737,1400098496.0,1031872592,1031872592,2026-07-10,2026-07-10 16:11:40+08:00
512170,医疗ETF华宝,0.316,0.3169,0.28,0.009,2.93,35312398.0,1111563279.0,0.306,0.321,0.304,0.307,5.54,4.19,1.64,-15.43,22857616.0,12454782.0,144774141.0,13.02,282755328.0,25.44,-137981187.0,-12.41,-113731213.0,-10.23,-31042929.0,-2.79,-78655.0,0.315,0.316,84195819520.0,26605878968,26605878968,2026-07-10,2026-07-10 16:11:50+08:00
513060,恒生医疗ETF博时,0.535,0.5306,-0.83,0.015,2.88,21208346.0,1122837424.0,0.519,0.541,0.513,0.52,5.38,19.44,1.33,15.22,11339259.0,9869087.0,32106560.0,2.86,50242448.0,4.47,-18135888.0,-1.62,-22371058.0,-1.99,-9735488.0,-0.87,-45402.0,0.534,0.535,10907893248.0,5835722888,5835722888,2026-07-10,2026-07-10 16:11:34+08:00
159828,医疗ETF国泰,0.394,0.3921,-0.48,0.011,2.87,2559682.0,100589528.388,0.383,0.4,0.379,0.383,5.48,4.44,1.69,-23.19,1669074.0,890608.0,16067517.0,15.97,28171856.0,28.01,-12104339.0,-12.03,-12464944.0,-12.39,-3602572.0,-3.58,1476.0,0.393,0.394,5765439488.0,2271583158,2271583158,2026-07-10,2026-07-10 15:34:24+08:00
520850,港股通医疗ETF易方达,0.794,0.7905,-0.44,0.022,2.85,1377180.0,110540969.0,0.784,0.829,0.766,0.772,8.16,86.48,7.18,6.81,676403.0,700777.0,-3541461.0,-3.2,-2687864.0,-2.43,-853597.0,-0.77,2183026.0,1.97,1358435.0,1.23,-3243.0,0.794,0.795,159249600.0,126444182,126444182,2026-07-10,2026-07-10 16:11:35+08:00
512560,军工ETF易方达,0.8,0.7974,-0.33,0.022,2.83,1391396.0,112363602.0,0.778,0.83,0.776,0.778,6.94,16.1,1.8,4.18,690288.0,701108.0,9785379.0,8.71,9391983.0,8.36,393396.0,0.35,-5536774.0,-4.93,-4248605.0,-3.78,-9775.0,0.799,0.8,864127008.0,691301606,691301606,2026-07-10,2026-07-10 16:11:36+08:00
512980,传媒ETF广发,0.838,0.8354,-0.31,0.023,2.82,4619554.0,386547651.0,0.808,0.854,0.8,0.815,6.63,10.56,2.19,23.14,2502161.0,2117393.0,-6184890.0,-1.6,303969.0,0.08,-6488859.0,-1.68,3193168.0,0.83,2991721.0,0.77,-12556.0,0.837,0.838,4375424512.0,3666605741,3666605741,2026-07-10,2026-07-10 16:11:58+08:00
159768,房地产ETF银华,0.402,0.402,0.0,0.011,2.81,1147211.0,45801187.901,0.39,0.406,0.385,0.391,5.37,12.71,1.0,17.45,616669.0,530542.0,-4591451.0,-10.02,-1844307.0,-4.03,-2747144.0,-6.0,4531494.0,9.89,59957.0,0.13,-4201.0,0.402,0.403,902450304.0,362785022,362785022,2026-07-10,2026-07-10 15:34:06+08:00
159167,港股通医疗ETF工银,0.846,0.848,0.24,0.023,2.79,1029449.0,86839995.088,0.823,0.862,0.814,0.823,5.83,46.68,1.51,31.06,545759.0,483690.0,92218.0,0.11,3217748.0,3.71,-3125530.0,-3.6,-479309.0,-0.55,387091.0,0.45,-1.0,0.846,0.85,220549164.0,186584593,186584593,2026-07-10,2026-07-10 15:34:39+08:00
516770,游戏ETF华泰柏瑞,1.184,1.1813,-0.23,0.032,2.78,549138.0,64536029.0,1.141,1.201,1.128,1.152,6.34,15.25,1.22,-3.8,271988.0,277150.0,5113751.0,7.92,7593640.0,11.77,-2479889.0,-3.84,-324870.0,-0.5,-4788881.0,-7.42,-2416.0,1.184,1.185,360048000.0,426296832,426296832,2026-07-10,2026-07-10 16:11:33+08:00
512810,军工ETF华宝,0.744,0.7422,-0.24,0.02,2.76,1047739.0,78639557.0,0.724,0.77,0.722,0.724,6.63,10.74,1.83,-0.34,573059.0,474680.0,11979024.0,15.23,15841020.0,20.14,-3861996.0,-4.91,-7285442.0,-9.26,-4693582.0,-5.97,-4057.0,0.744,0.745,975583504.0,725834127,725834127,2026-07-10,2026-07-10 16:11:52+08:00
159137,港股通医疗ETF华宝,0.856,0.8583,0.27,0.023,2.76,1391945.0,118650333.6,0.838,0.871,0.825,0.833,5.52,76.64,1.42,6.85,688282.0,703663.0,1603077.0,1.35,-1027350.0,-0.87,2630427.0,2.22,-945772.0,-0.8,-657305.0,-0.55,1068.0,0.855,0.856,181632607.0,155477512,155477512,2026-07-10,2026-07-10 15:34:24+08:00
516930,生物科技ETF民生加银,0.485,0.4856,0.12,0.013,2.75,12857.0,622418.0,0.471,0.494,0.465,0.472,6.14,1.15,0.44,0.66,6229.0,6628.0,223462.0,35.9,422548.0,67.89,-199086.0,-31.99,-185544.0,-29.81,-37918.0,-6.09,-100.0,0.484,0.486,112139600.0,54387706,54387706,2026-07-10,2026-07-10 16:11:57+08:00
159847,医疗ETF易方达,0.375,0.3738,-0.32,0.01,2.74,943002.0,35331786.767,0.364,0.381,0.362,0.365,5.21,2.24,1.21,-19.88,599636.0,343366.0,6163333.0,17.44,8487525.0,24.02,-2324192.0,-6.58,-4179165.0,-11.83,-1984168.0,-5.62,2998.0,0.374,0.375,4205825360.0,1577184510,1577184510,2026-07-10,2026-07-10 15:34:24+08:00
560260,医疗ETF广发,0.795,0.7935,-0.19,0.021,2.71,136100.0,10817949.0,0.77,0.807,0.768,0.774,5.04,0.72,1.16,-9.46,77303.0,58797.0,1620858.0,14.98,1746281.0,16.14,-125423.0,-1.16,-1039927.0,-9.61,-580930.0,-5.37,-309.0,0.794,0.795,1886664704.0,1499898440,1499898440,2026-07-10,2026-07-10 16:11:35+08:00
512680,军工ETF广发,1.305,1.2991,-0.45,0.034,2.68,1560860.0,205791310.0,1.274,1.35,1.267,1.271,6.53,4.94,1.73,32.97,598001.0,962859.0,27179032.0,13.21,71086099.0,34.54,-43907067.0,-21.34,-15023378.0,-7.3,-12155653.0,-5.91,-4694.0,1.304,1.305,3160930096.0,4125013775,4125013775,2026-07-10,2026-07-10 16:11:56+08:00
516190,传媒ETF华夏,1.003,1.0018,-0.12,0.026,2.66,284643.0,28601436.0,0.967,1.025,0.961,0.977,6.55,27.96,1.54,0.45,161621.0,123022.0,711546.0,2.49,2745689.0,9.6,-2034143.0,-7.11,-662134.0,-2.32,-49412.0,-0.17,-36.0,1.003,1.004,101818500.0,102123956,102123956,2026-07-10,2026-07-10 16:11:39+08:00
159718,港股医药ETF平安,0.826,0.8233,-0.33,0.021,2.61,1472243.0,120286023.6,0.8,0.836,0.792,0.805,5.47,66.67,1.47,-34.13,773168.0,699075.0,2654046.0,2.21,-1151150.0,-0.96,3805196.0,3.16,-4012581.0,-3.34,1358535.0,1.13,2310.0,0.823,0.826,220832634.0,182407756,182407756,2026-07-10,2026-07-10 15:34:45+08:00
516010,游戏ETF国泰,1.121,1.1194,-0.14,0.028,2.56,1565244.0,174055502.0,1.082,1.138,1.07,1.093,6.22,6.74,1.28,10.46,798913.0,766331.0,20943346.0,12.03,13326463.0,7.66,7616883.0,4.38,-9778873.0,-5.62,-11164472.0,-6.41,-6957.0,1.121,1.122,2323693008.0,2604859862,2604859862,2026-07-10,2026-07-10 16:11:37+08:00
159321,黄金股ETF华安,1.318,1.3133,-0.36,0.032,2.49,406303.0,53422785.8,1.289,1.349,1.274,1.286,5.83,10.31,0.92,80.69,210873.0,195430.0,3343792.0,6.26,6905810.0,12.93,-3562018.0,-6.67,764616.0,1.43,-4108409.0,-7.69,-1921.0,1.318,1.32,393900400.0,519160727,519160727,2026-07-10,2026-07-10 15:34:06+08:00
159869,游戏ETF华夏,1.129,1.1283,-0.06,0.027,2.45,8622428.0,968301914.672,1.094,1.148,1.078,1.102,6.35,10.7,1.22,24.48,4495916.0,4126512.0,103080256.0,10.65,86737280.0,8.96,16342976.0,1.69,-61281997.0,-6.33,-41798249.0,-4.32,-48069.0,1.129,1.13,8058082048.0,9097574632,9097574632,2026-07-10,2026-07-10 15:34:18+08:00
517990,沪港深医药ETF招商,0.85,0.848,-0.24,0.02,2.41,88459.0,7444876.0,0.821,0.862,0.821,0.83,4.94,17.35,1.76,-1.96,42577.0,45882.0,177780.0,2.39,-1330634.0,-17.87,1508414.0,20.26,-92137.0,-1.24,-85643.0,-1.15,5.0,0.849,0.85,50987900.0,43339715,43339715,2026-07-10,2026-07-10 16:11:58+08:00
516560,养老ETF华宝,0.728,0.727,-0.14,0.017,2.39,76021.0,5506956.0,0.71,0.732,0.703,0.711,4.08,3.5,1.16,21.76,51257.0,24764.0,1415250.0,25.7,0.0,0.0,1415250.0,25.7,-958529.0,-17.41,-456722.0,-8.29,20.0,0.726,0.728,217258000.0,158163824,158163824,2026-07-10,2026-07-10 16:11:36+08:00
588250,科创医药ETF鹏华,1.078,1.0794,0.13,0.025,2.37,206343.0,22237409.0,1.046,1.1,1.035,1.053,6.17,6.62,0.78,-1.09,99460.0,106883.0,2307986.0,10.38,5642032.0,25.37,-3334046.0,-14.99,-869809.0,-3.91,-1438177.0,-6.47,-551.0,1.077,1.078,311675008.0,335985659,335985659,2026-07-10,2026-07-10 16:11:39+08:00
515060,房地产ETF华夏,0.583,0.5813,-0.29,0.013,2.28,742192.0,43303658.0,0.567,0.592,0.567,0.57,4.39,8.44,1.07,4.42,384011.0,358181.0,400967.0,0.93,4443332.0,10.26,-4042365.0,-9.33,-11011.0,-0.03,-389954.0,-0.9,-3711.0,0.582,0.583,879478096.0,512735730,512735730,2026-07-10,2026-07-10 16:11:54+08:00
159928,消费ETF汇添富,0.632,0.6318,-0.03,0.014,2.27,5378312.0,337211379.628,0.617,0.634,0.611,0.618,3.72,2.3,1.18,-45.36,3078159.0,2300153.0,30767919.0,9.12,54627419.0,16.2,-23859500.0,-7.08,-22001521.0,-6.52,-8766399.0,-2.6,-23560.0,0.632,0.633,23372628992.0,14771501523,14771501523,2026-07-10,2026-07-10 15:34:54+08:00
512200,房地产ETF南方,1.216,1.2114,-0.38,0.027,2.27,1577825.0,191582676.0,1.184,1.235,1.18,1.189,4.63,6.07,1.98,-2.02,909189.0,668636.0,-12972225.0,-6.77,7074281.0,3.69,-20046506.0,-10.46,17769868.0,9.28,-4797644.0,-2.5,-4175.0,1.215,1.216,2601347904.0,3163239051,3163239051,2026-07-10,2026-07-10 16:11:50+08:00
159035,软件ETF天弘,0.855,0.8511,-0.46,0.019,2.27,206211.0,17618300.288,0.836,0.875,0.822,0.836,6.34,5.67,2.12,29.37,121057.0,85154.0,3159004.0,17.93,2456375.0,13.94,702629.0,3.99,-2636186.0,-14.96,-522819.0,-2.97,479.0,0.854,0.855,363859728.0,311100067,311100067,2026-07-10,2026-07-10 15:34:33+08:00
515950,医药50ETF富国,0.917,0.9148,-0.24,0.02,2.23,254299.0,23279990.0,0.895,0.93,0.888,0.897,4.68,4.24,1.26,-8.39,144095.0,110204.0,4131475.0,17.75,3211080.0,13.79,920395.0,3.95,-2510227.0,-10.78,-1621248.0,-6.96,-479.0,0.916,0.917,600200608.0,550383958,550383958,2026-07-10,2026-07-10 16:11:36+08:00
159672,消费ETF博时,0.595,0.5952,0.03,0.013,2.23,49338.0,2910260.6,0.585,0.598,0.576,0.582,3.78,3.71,0.69,-25.81,29797.0,19541.0,707012.0,24.29,215331.0,7.4,491681.0,16.89,-586450.0,-20.15,-120562.0,-4.14,-375.0,0.595,0.596,132887409.0,79068008,79068008,2026-07-10,2026-07-10 15:34:48+08:00
588860,科创医药ETF工银,0.691,0.6924,0.2,0.015,2.22,321741.0,22292731.0,0.671,0.706,0.666,0.676,5.92,8.27,0.82,11.7,157670.0,164071.0,2029386.0,9.1,3108156.0,13.94,-1078770.0,-4.84,-950425.0,-4.26,-1078961.0,-4.84,-239.0,0.691,0.692,388889408.0,268722581,268722581,2026-07-10,2026-07-10 16:11:58+08:00
588130,科创医药ETF华夏,1.059,1.0606,0.15,0.023,2.22,453988.0,47696834.0,1.031,1.083,1.023,1.036,5.79,20.49,0.94,-13.27,283127.0,170861.0,62425.0,0.13,36067.0,0.08,26358.0,0.06,440126.0,0.92,-502552.0,-1.05,-613.0,1.058,1.059,221582600.0,234655973,234655973,2026-07-10,2026-07-10 16:11:39+08:00
560680,消费ETF广发,0.696,0.6945,-0.22,0.015,2.2,221781.0,15246095.0,0.682,0.698,0.672,0.681,3.82,6.68,1.23,-24.44,120623.0,101158.0,998979.0,6.55,4193471.0,27.51,-3194492.0,-20.95,-722610.0,-4.74,-276369.0,-1.81,-1274.0,0.695,0.696,332225600.0,231229018,231229018,2026-07-10,2026-07-10 16:11:52+08:00
159891,医疗ETF建信,0.372,0.3694,-0.7,0.008,2.2,401522.0,14871961.546,0.364,0.377,0.36,0.364,4.67,11.77,1.24,-52.53,213566.0,187956.0,-12633.0,-0.08,-621133.0,-4.18,608500.0,4.09,102000.0,0.69,-89366.0,-0.6,-4.0,0.372,0.373,341024832.0,126861238,126861238,2026-07-10,2026-07-10 15:34:21+08:00
159315,黄金股ETF工银,1.398,1.3988,0.06,0.03,2.19,146355.0,20407306.591,1.382,1.434,1.356,1.368,5.7,7.17,0.73,-25.48,82206.0,64149.0,2058675.0,10.09,1078616.0,5.29,980059.0,4.8,-802462.0,-3.93,-1256213.0,-6.16,-728.0,1.398,1.4,204089621.0,285317290,285317290,2026-07-10,2026-07-10 15:34:51+08:00
159728,在线消费ETF南方,0.795,0.7937,-0.16,0.017,2.19,143729.0,11384740.3,0.777,0.811,0.762,0.778,6.3,36.01,1.86,50.45,64645.0,79084.0,-1063765.0,-9.34,198148.0,1.74,-1261913.0,-11.08,857830.0,7.53,205935.0,1.81,198.0,0.796,0.798,39910129.0,31728553,31728553,2026-07-10,2026-07-10 15:34:54+08:00
516900,食品饮料ETF华安,0.471,0.4695,-0.32,0.01,2.17,115803.0,5405659.0,0.461,0.472,0.456,0.461,3.47,3.19,0.73,-9.78,57944.0,57859.0,520222.0,9.62,436993.0,8.08,83229.0,1.54,-212476.0,-3.93,-307745.0,-5.69,-1668.0,0.47,0.471,362729008.0,170845363,170845363,2026-07-10,2026-07-10 16:11:58+08:00
588700,科创医药ETF嘉实,1.036,1.0373,0.13,0.022,2.17,1068298.0,110354661.0,1.005,1.06,0.998,1.014,6.11,21.57,1.39,14.69,515132.0,553166.0,3378485.0,3.06,4460426.0,4.04,-1081941.0,-0.98,-2338451.0,-2.12,-1040034.0,-0.94,-4584.0,1.036,1.037,495336208.0,513168311,513168311,2026-07-10,2026-07-10 16:11:55+08:00
159760,医疗健康ETF泰康,0.568,0.5698,0.32,0.012,2.16,25954.0,1469074.942,0.55,0.577,0.547,0.556,5.4,1.82,0.78,-64.86,11758.0,14196.0,154871.0,10.54,0.0,0.0,154871.0,10.54,-114203.0,-7.77,-40668.0,-2.77,-6.0,0.569,0.57,142360223.0,80860607,80860607,2026-07-10,2026-07-10 15:34:36+08:00
515710,食品饮料ETF华宝,0.472,0.4713,-0.15,0.01,2.16,638527.0,29895768.0,0.462,0.474,0.458,0.462,3.46,2.58,1.13,-19.42,354340.0,284187.0,4470744.0,14.95,7250542.0,24.25,-2779798.0,-9.3,-3574198.0,-11.96,-896545.0,-3.0,-2315.0,0.471,0.472,2479099808.0,1170135109,1170135109,2026-07-10,2026-07-10 16:11:41+08:00
512290,生物医药ETF国泰,1.004,1.0052,0.12,0.021,2.14,3296497.0,331616610.0,0.978,1.023,0.97,0.983,5.39,8.51,1.3,21.9,1354132.0,1942365.0,34288115.0,10.34,53513433.0,16.14,-19225318.0,-5.8,-22043018.0,-6.65,-12245097.0,-3.69,-15427.0,1.003,1.004,3872820704.0,3888311987,3888311987,2026-07-10,2026-07-10 16:11:41+08:00
159322,黄金股ETF平安,1.384,1.3831,-0.07,0.029,2.14,70051.0,9667133.7,1.366,1.419,1.343,1.355,5.61,5.59,0.51,22.53,39923.0,30128.0,270063.0,2.79,0.0,0.0,270063.0,2.79,368658.0,3.81,-638722.0,-6.61,-298.0,1.384,1.385,125411691.0,173569780,173569780,2026-07-10,2026-07-10 15:34:42+08:00
159865,养殖ETF国泰,0.524,0.5219,-0.4,0.011,2.14,5037690.0,261126248.594,0.511,0.526,0.505,0.513,4.09,4.31,0.89,-3.68,2945293.0,2092397.0,19642335.0,7.52,22814553.0,8.74,-3172218.0,-1.21,-20624002.0,-7.9,981665.0,0.38,73919.0,0.523,0.524,11698455552.0,6129990709,6129990709,2026-07-10,2026-07-10 15:34:33+08:00
159929,医药ETF汇添富,1.286,1.284,-0.16,0.027,2.14,968838.0,124241500.571,1.254,1.303,1.245,1.259,4.61,5.42,0.97,24.5,553549.0,415289.0,25228755.0,20.31,26706912.0,21.5,-1478157.0,-1.19,-13639918.0,-10.98,-11588837.0,-9.33,2719.0,1.285,1.286,1788204208.0,2299630611,2299630611,2026-07-10,2026-07-10 15:34:48+08:00
512450,畜牧养殖ETF广发,0.862,0.8593,-0.31,0.018,2.13,90579.0,7727451.0,0.845,0.867,0.831,0.844,4.27,7.46,0.88,10.32,58703.0,31876.0,804921.0,10.42,92158.0,1.19,712763.0,9.22,-365991.0,-4.74,-438929.0,-5.68,-1634.0,0.861,0.862,121367000.0,104618354,104618354,2026-07-10,2026-07-10 16:11:52+08:00
159867,养殖ETF鹏华,0.534,0.5329,-0.21,0.011,2.1,847609.0,44711569.136,0.521,0.537,0.515,0.523,4.21,4.88,1.0,27.09,472950.0,374659.0,2112902.0,4.73,3569694.0,7.98,-1456792.0,-3.26,-721136.0,-1.61,-1391765.0,-3.11,2426.0,0.533,0.534,1737643600.0,927901682,927901682,2026-07-10,2026-07-10 15:34:36+08:00
159023,养殖ETF万家,1.029,1.0278,-0.12,0.021,2.08,96233.0,9782022.291,1.006,1.033,0.994,1.008,3.87,17.25,0.62,-63.51,43756.0,52477.0,532410.0,5.44,0.0,0.0,532410.0,5.44,-365318.0,-3.73,-167092.0,-1.71,97.0,1.026,1.029,55777943.0,57395503,57395503,2026-07-10,2026-07-10 15:34:39+08:00
159689,消费ETF南方,0.597,0.5965,-0.08,0.012,2.05,22922.0,1359911.752,0.587,0.598,0.578,0.585,3.42,2.72,1.04,-46.01,15667.0,7255.0,145244.0,10.68,0.0,0.0,145244.0,10.68,-84420.0,-6.21,-60825.0,-4.47,33.0,0.596,0.597,84147787.0,50236229,50236229,2026-07-10,2026-07-10 15:34:00+08:00
159766,旅游ETF富国,0.547,0.5455,-0.27,0.011,2.05,4009652.0,216582846.4,0.534,0.549,0.528,0.536,3.92,7.15,1.4,-22.15,2237947.0,1771705.0,31110653.0,14.36,38080718.0,17.58,-6970065.0,-3.22,-23563902.0,-10.88,-7546750.0,-3.48,15653.0,0.546,0.547,5605140992.0,3066012123,3066012123,2026-07-10,2026-07-10 15:34:39+08:00
159797,医疗器械ETF汇添富,0.654,0.6519,-0.32,0.013,2.03,70026.0,4578489.4,0.641,0.665,0.635,0.641,4.68,1.82,1.02,42.49,35365.0,34661.0,323975.0,7.08,887844.0,19.39,-563869.0,-12.32,-94646.0,-2.07,-229330.0,-5.01,50.0,0.652,0.654,384989248.0,251782968,251782968,2026-07-10,2026-07-10 15:34:45+08:00
159172,养殖ETF汇添富,0.805,0.8026,-0.3,0.016,2.03,194418.0,15458143.828,0.782,0.809,0.776,0.789,4.18,4.99,0.98,-16.37,111648.0,82770.0,1852333.0,11.98,1708664.0,11.05,143669.0,0.93,-1221379.0,-7.9,-630953.0,-4.08,-279.0,0.805,0.806,389829296.0,313812583,313812583,2026-07-10,2026-07-10 15:34:42+08:00
517520,黄金股ETF永赢,1.716,1.7092,-0.4,0.034,2.02,3360117.0,576549535.0,1.689,1.759,1.662,1.682,5.77,6.41,0.93,1.37,1391932.0,1968185.0,-17555376.0,-3.04,-4164224.0,-0.72,-13391152.0,-2.32,29062637.0,5.04,-11507262.0,-2.0,-4890.0,1.716,1.717,5242904064.0,8996823374,8996823374,2026-07-10,2026-07-10 16:11:41+08:00
512120,医药ETF华安,0.455,0.4564,0.31,0.009,2.02,538531.0,24486778.0,0.442,0.463,0.439,0.446,5.38,6.27,0.97,0.97,264293.0,274238.0,1304687.0,5.33,2124742.0,8.68,-820055.0,-3.35,-721768.0,-2.95,-582918.0,-2.38,-1258.0,0.454,0.455,859241904.0,390955066,390955066,2026-07-10,2026-07-10 16:11:45+08:00
159512,汽车ETF广发,1.06,1.0575,-0.24,0.021,2.02,142856.0,15127328.5,1.037,1.07,1.03,1.039,3.85,23.32,0.98,80.18,58312.0,84544.0,1267726.0,8.38,1560700.0,10.32,-292974.0,-1.94,-1145897.0,-7.58,-121829.0,-0.81,-559.0,1.06,1.061,61264855.0,64940746,64940746,2026-07-10,2026-07-10 15:34:03+08:00
562050,药ETF华宝,0.966,0.966,0.0,0.019,2.01,488419.0,46630800.0,0.936,0.981,0.934,0.947,4.96,40.88,2.31,6.41,265101.0,223318.0,-24626410.0,-52.81,-22732713.0,-48.75,-1893697.0,-4.06,1587092.0,3.4,23039318.0,49.41,-909.0,0.964,0.966,119468000.0,115406088,115406088,2026-07-10,2026-07-10 16:11:44+08:00
159736,食品饮料ETF天弘,0.559,0.5585,-0.09,0.011,2.01,474922.0,26375434.8,0.548,0.561,0.542,0.548,3.47,0.64,1.14,-46.12,246958.0,227964.0,1469096.0,5.57,1495777.0,5.67,-26681.0,-0.1,-986847.0,-3.74,-482248.0,-1.83,1019.0,0.558,0.559,7392394496.0,4132348523,4132348523,2026-07-10,2026-07-10 15:34:18+08:00
515960,医药ETF嘉实,0.812,0.8098,-0.27,0.016,2.01,150770.0,12163890.0,0.794,0.824,0.787,0.796,4.65,5.96,1.04,-10.79,80191.0,70579.0,454385.0,3.74,-405203.0,-3.33,859588.0,7.07,-266344.0,-2.19,-188041.0,-1.55,-230.0,0.811,0.812,252991900.0,205429423,205429423,2026-07-10,2026-07-10 16:11:56+08:00
512010,医药ETF易方达,0.363,0.3623,-0.19,0.007,1.97,21873307.0,793095489.0,0.354,0.368,0.352,0.356,4.49,4.47,1.11,-6.83,12630459.0,9242848.0,62206720.0,7.84,117650512.0,14.83,-55443792.0,-6.99,-47583068.0,-6.0,-14623665.0,-1.84,-70268.0,0.362,0.363,48948694784.0,17768376207,17768376207,2026-07-10,2026-07-10 16:11:50+08:00
159173,农牧ETF南方,0.831,0.8306,-0.05,0.016,1.96,114436.0,9458097.6,0.819,0.836,0.802,0.815,4.17,20.27,1.15,-12.87,85527.0,28909.0,105576.0,1.12,92315.0,0.98,13261.0,0.14,-51961.0,-0.55,-53616.0,-0.57,100.0,0.828,0.831,56455388.0,46914427,46914427,2026-07-10,2026-07-10 15:34:30+08:00
512620,农业ETF天弘,0.837,0.8329,-0.49,0.016,1.95,185925.0,15390274.0,0.823,0.842,0.809,0.821,4.02,1.48,0.92,10.66,117512.0,68413.0,-4701032.0,-30.55,-3603764.0,-23.42,-1097268.0,-7.13,4815901.0,31.29,-114869.0,-0.75,-300.0,0.836,0.837,1253666000.0,1049318442,1049318442,2026-07-10,2026-07-10 16:11:58+08:00
159613,信息安全ETF嘉实,0.94,0.9306,-1.01,0.018,1.95,467876.0,43967145.2,0.916,0.962,0.916,0.922,4.99,38.8,2.32,55.8,196200.0,271676.0,218860.0,0.5,1346487.0,3.06,-1127627.0,-2.56,-327254.0,-0.74,108395.0,0.25,-2335.0,0.94,0.942,120590217.0,113354804,113354804,2026-07-10,2026-07-10 15:34:36+08:00
159938,医药ETF广发,0.626,0.6271,0.18,0.012,1.95,1129091.0,70619804.7,0.611,0.637,0.606,0.614,5.05,1.55,1.02,52.61,547930.0,581161.0,12993533.0,18.4,11119881.0,15.75,1873652.0,2.65,-5914574.0,-8.38,-7078960.0,-10.02,-4061.0,0.626,0.627,7299567360.0,4569529167,4569529167,2026-07-10,2026-07-10 15:34:57+08:00
515400,大数据ETF富国,0.95,0.9462,-0.4,0.018,1.93,4756704.0,454140189.0,0.933,0.981,0.924,0.932,6.12,29.17,2.82,8.7,2254188.0,2502516.0,-12858847.0,-2.83,-33049039.0,-7.28,20190192.0,4.45,4642583.0,1.02,8216263.0,1.81,-20942.0,0.949,0.95,1630631408.0,1549099838,1549099838,2026-07-10,2026-07-10 16:11:34+08:00
159883,医疗器械ETF永赢,0.425,0.4238,-0.28,0.008,1.92,2960823.0,125713679.056,0.417,0.43,0.412,0.417,4.32,3.17,1.5,-63.89,1738680.0,1222143.0,2098440.0,1.67,4854521.0,3.86,-2756081.0,-2.19,-1282095.0,-1.02,-816345.0,-0.65,-14983.0,0.425,0.426,9344037888.0,3971216102,3971216102,2026-07-10,2026-07-10 15:34:39+08:00
159562,黄金股ETF华夏,1.861,1.8597,-0.07,0.035,1.92,669431.0,124317217.658,1.85,1.908,1.808,1.826,5.48,3.07,0.63,75.44,337718.0,331713.0,2002052.0,1.61,-374960.0,-0.3,2377012.0,1.91,3638942.0,2.93,-5640992.0,-4.54,4083.0,1.86,1.861,2182130512.0,4060944883,4060944883,2026-07-10,2026-07-10 15:34:48+08:00
159275,农牧渔ETF华宝,0.806,0.8034,-0.32,0.015,1.9,157167.0,12476407.1,0.79,0.81,0.777,0.791,4.17,6.11,0.81,3.13,92627.0,64540.0,1283168.0,10.28,0.0,0.0,1283168.0,10.28,-1016727.0,-8.15,-266442.0,-2.14,-50.0,0.806,0.808,257302909.0,207386145,207386145,2026-07-10,2026-07-10 15:34:27+08:00
517770,游戏传媒ETF浦银,0.912,0.9128,0.09,0.017,1.9,176243.0,16061062.0,0.897,0.927,0.88,0.895,5.25,11.09,1.49,21.29,92576.0,83667.0,1138995.0,7.09,73778.0,0.46,1065217.0,6.63,-966819.0,-6.02,-172177.0,-1.07,-1164.0,0.912,0.913,158947800.0,144960394,144960394,2026-07-10,2026-07-10 16:11:54+08:00
561510,中药ETF华泰柏瑞,0.911,0.9094,-0.18,0.017,1.9,25527.0,2295294.0,0.892,0.914,0.881,0.894,3.69,3.98,1.32,-5.74,13536.0,11991.0,-222078.0,-9.68,58287.0,2.54,-280365.0,-12.21,399188.0,17.39,-177109.0,-7.72,-568.0,0.909,0.911,64206000.0,58491666,58491666,2026-07-10,2026-07-10 16:11:53+08:00
516670,畜牧养殖ETF招商,0.589,0.5873,-0.29,0.011,1.9,744904.0,43440234.0,0.573,0.593,0.569,0.578,4.15,2.28,0.55,6.32,365092.0,379812.0,2196175.0,5.06,-657648.0,-1.51,2853823.0,6.57,-1794723.0,-4.13,-401452.0,-0.92,-5625.0,0.588,0.589,3274266304.0,1928542853,1928542853,2026-07-10,2026-07-10 16:11:55+08:00
512600,消费ETF嘉实,0.54,0.5391,-0.17,0.01,1.89,524333.0,28179859.0,0.527,0.543,0.523,0.53,3.77,3.41,2.38,-5.21,370691.0,153642.0,443174.0,1.57,1587340.0,5.63,-1144166.0,-4.06,-165771.0,-0.59,-277403.0,-0.98,-2400.0,0.54,0.541,1538756096.0,830928292,830928292,2026-07-10,2026-07-10 16:11:37+08:00
517400,黄金股ETF国泰,1.352,1.3488,-0.24,0.025,1.88,373915.0,50275749.0,1.337,1.385,1.31,1.327,5.65,4.0,0.45,8.92,205180.0,168735.0,1503684.0,2.99,-2453110.0,-4.88,3956794.0,7.87,612231.0,1.22,-2115915.0,-4.21,-1058.0,1.352,1.353,934792000.0,1263838784,1263838784,2026-07-10,2026-07-10 16:11:44+08:00
159729,互联网ETF汇添富,0.709,0.7065,-0.35,0.013,1.87,14004.0,983567.5,0.687,0.717,0.686,0.696,4.45,2.1,0.62,57.95,8861.0,5143.0,-14661.0,-1.49,0.0,0.0,-14661.0,-1.49,-18413.0,-1.87,33074.0,3.36,60.0,0.699,0.717,66760633.0,47333289,47333289,2026-07-10,2026-07-10 15:34:24+08:00
560210,农牧渔ETF景顺,0.764,0.7632,-0.1,0.014,1.87,135046.0,10233081.0,0.747,0.769,0.738,0.75,4.13,2.46,1.62,-7.66,76273.0,58773.0,1089967.0,10.65,1244786.0,12.16,-154819.0,-1.51,-723599.0,-7.07,-366369.0,-3.58,-216.0,0.763,0.764,549522000.0,419834808,419834808,2026-07-10,2026-07-10 16:11:52+08:00
562900,农业ETF易方达,0.656,0.6546,-0.21,0.012,1.86,211902.0,13771451.0,0.643,0.66,0.634,0.644,4.04,8.8,0.79,1.65,119462.0,92440.0,2585910.0,18.78,2390381.0,17.36,195529.0,1.42,-2025143.0,-14.71,-560766.0,-4.07,-1208.0,0.655,0.656,240706300.0,157903333,157903333,2026-07-10,2026-07-10 16:11:34+08:00
515170,食品饮料ETF华夏,0.44,0.4403,0.07,0.008,1.85,2273184.0,99433171.0,0.432,0.443,0.428,0.432,3.47,2.48,0.99,-35.0,1375770.0,897414.0,10015706.0,10.07,17874894.0,17.98,-7859188.0,-7.9,-7803929.0,-7.85,-2211778.0,-2.22,-7998.0,0.44,0.441,9162257920.0,4031393485,4031393485,2026-07-10,2026-07-10 16:11:42+08:00
516840,汽车ETF南方,0.771,0.7684,-0.34,0.014,1.85,48441.0,3737163.0,0.759,0.778,0.754,0.757,3.17,3.93,0.83,-10.64,24411.0,24030.0,-537623.0,-14.39,0.0,0.0,-537623.0,-14.39,427890.0,11.45,109732.0,2.94,-2605.0,0.771,0.772,123277000.0,95046567,95046567,2026-07-10,2026-07-10 16:11:47+08:00
562510,旅游ETF华夏,0.554,0.5538,-0.04,0.01,1.84,972312.0,53472918.0,0.543,0.558,0.536,0.544,4.04,8.71,1.16,-7.4,515817.0,456495.0,6446082.0,12.05,6266166.0,11.72,179916.0,0.34,-4932505.0,-9.22,-1513578.0,-2.83,-3611.0,0.554,0.555,1116595008.0,618593634,618593634,2026-07-10,2026-07-10 16:11:34+08:00
159028,港股汽车ETF天弘,0.781,0.7846,0.46,0.014,1.83,52708.0,4117475.07,0.773,0.793,0.763,0.767,3.91,4.07,1.11,-93.95,26937.0,25771.0,754143.0,18.32,-393909.0,-9.57,1148052.0,27.88,-591159.0,-14.36,-162984.0,-3.96,75.0,0.778,0.781,129449016.0,101099681,101099681,2026-07-10,2026-07-10 15:34:30+08:00
159873,医疗设备ETF天弘,0.503,0.5011,-0.38,0.009,1.82,322356.0,16244375.7,0.494,0.51,0.488,0.494,4.45,6.02,1.37,15.12,174091.0,148265.0,2930330.0,18.04,6372473.0,39.23,-3442143.0,-21.19,-2244449.0,-13.82,-685881.0,-4.22,478.0,0.502,0.503,535920000.0,269567760,269567760,2026-07-10,2026-07-10 15:34:18+08:00
159007,养殖ETF华泰柏瑞,0.846,0.8451,-0.11,0.015,1.81,229101.0,19120500.598,0.83,0.852,0.817,0.831,4.21,11.59,0.91,74.54,129614.0,99487.0,24992.0,0.13,-109459.0,-0.57,134451.0,0.7,215018.0,1.12,-240011.0,-1.26,-21.0,0.846,0.847,197603274.0,167172370,167172370,2026-07-10,2026-07-10 15:34:21+08:00
159032,工业有色ETF易方达,0.845,0.8426,-0.28,0.015,1.81,212546.0,18037808.158,0.832,0.865,0.83,0.83,4.22,8.03,1.13,32.58,117313.0,95233.0,1830643.0,10.15,4087913.0,22.66,-2257270.0,-12.51,-1258921.0,-6.98,-571722.0,-3.17,-196.0,0.845,0.846,264845019.0,223794041,223794041,2026-07-10,2026-07-10 15:34:30+08:00
560810,央企ESGETF融通,1.296,1.2861,-0.77,0.023,1.81,4169.0,538985.0,1.283,1.309,1.282,1.273,2.12,0.22,0.73,13.94,1945.0,2224.0,-4552.0,-0.84,259.0,0.05,-4811.0,-0.89,-82657.0,-15.34,87209.0,16.18,-1659.0,1.296,1.3,193116000.0,250278336,250278336,2026-07-10,2026-07-10 16:11:45+08:00
516760,养殖ETF平安,0.562,0.5607,-0.23,0.01,1.81,205228.0,11456301.0,0.551,0.566,0.543,0.552,4.17,6.49,1.12,-4.42,89736.0,115492.0,1214718.0,10.6,1361679.0,11.89,-146961.0,-1.28,-726976.0,-6.35,-487742.0,-4.26,-205.0,0.562,0.563,316215104.0,177712888,177712888,2026-07-10,2026-07-10 16:11:40+08:00
159011,养殖ETF华安,1.021,1.0228,0.18,0.018,1.79,108566.0,10998514.318,0.997,1.03,0.989,1.003,4.09,19.56,0.69,-16.38,53476.0,55090.0,1114855.0,10.14,-286620.0,-2.61,1401475.0,12.74,-1030111.0,-9.37,-84744.0,-0.77,-11.0,1.021,1.023,55505168.0,56670777,56670777,2026-07-10,2026-07-10 15:34:27+08:00
159843,食品饮料ETF招商,0.511,0.5122,0.23,0.009,1.79,209544.0,10650865.209,0.502,0.515,0.497,0.502,3.59,3.17,1.23,-67.65,113399.0,96145.0,1174505.0,11.03,1923486.0,18.06,-748981.0,-7.03,-705882.0,-6.63,-468624.0,-4.4,-1790.0,0.511,0.512,661455136.0,338003574,338003574,2026-07-10,2026-07-10 15:34:06+08:00
159825,农业ETF富国,0.687,0.6846,-0.35,0.012,1.78,1530841.0,104585098.4,0.675,0.691,0.664,0.675,4.0,6.66,1.27,-9.91,815507.0,715334.0,-5607018.0,-5.36,6655205.0,6.36,-12262223.0,-11.72,2380713.0,2.28,3226304.0,3.08,8790.0,0.686,0.687,2299077408.0,1579466179,1579466179,2026-07-10,2026-07-10 15:34:57+08:00
159827,农业ETF银华,0.743,0.7399,-0.42,0.013,1.78,40170.0,2960405.5,0.729,0.745,0.717,0.73,3.84,4.29,0.85,-95.72,21172.0,18998.0,263861.0,8.91,592499.0,20.01,-328638.0,-11.1,-50694.0,-1.71,-213166.0,-7.2,306.0,0.739,0.743,93716463.0,69631332,69631332,2026-07-10,2026-07-10 15:34:24+08:00
159793,线上消费ETF平安,0.811,0.8131,0.26,0.014,1.76,9770.0,789330.3,0.792,0.823,0.783,0.797,5.02,2.46,1.08,19.23,5189.0,4581.0,-46385.0,-5.88,0.0,0.0,-46385.0,-5.88,51011.0,6.46,-4626.0,-0.59,-274.0,0.811,0.817,39758908.0,32244474,32244474,2026-07-10,2026-07-10 15:34:42+08:00
159647,中药ETF鹏华,0.868,0.868,0.0,0.015,1.76,293478.0,25239351.3,0.851,0.872,0.84,0.853,3.75,1.9,1.16,-56.05,191114.0,102364.0,4783081.0,18.95,1442696.0,5.72,3340385.0,13.23,-2317877.0,-9.18,-2465203.0,-9.77,2629.0,0.866,0.868,1543461760.0,1339724808,1339724808,2026-07-10,2026-07-10 15:34:54+08:00
159020,养殖ETF易方达,0.874,0.8735,-0.06,0.015,1.75,169475.0,14639360.9,0.858,0.88,0.845,0.859,4.07,11.64,0.99,26.54,96453.0,73022.0,2146279.0,14.66,3142920.0,21.47,-996641.0,-6.81,-1651299.0,-11.28,-494979.0,-3.38,-583.0,0.874,0.875,145567082.0,127225630,127225630,2026-07-10,2026-07-10 15:34:30+08:00
159027,畜牧养殖ETF大成,0.874,0.8737,-0.03,0.015,1.75,127891.0,11093705.04,0.859,0.881,0.845,0.859,4.19,9.73,0.88,-38.81,81203.0,46688.0,62033.0,0.56,342980.0,3.09,-280947.0,-2.53,161951.0,1.46,-223983.0,-2.02,250.0,0.872,0.874,131472283.0,114906775,114906775,2026-07-10,2026-07-10 15:34:27+08:00
159186,港股通汽车ETF鹏华,0.758,0.759,0.13,0.013,1.74,32239.0,2430096.069,0.744,0.767,0.739,0.745,3.76,3.47,1.01,14.44,23332.0,8907.0,345152.0,14.2,0.0,0.0,345152.0,14.2,-273770.0,-11.27,-71382.0,-2.94,38.0,0.757,0.758,92869245.0,70394888,70394888,2026-07-10,2026-07-10 15:34:39+08:00
560080,中药ETF汇添富,0.935,0.9332,-0.19,0.016,1.74,878727.0,81633357.0,0.914,0.939,0.904,0.919,3.81,3.32,1.48,-11.76,591805.0,286922.0,10686523.0,13.09,8973054.0,10.99,1713469.0,2.1,-8526694.0,-10.45,-2159827.0,-2.65,-3251.0,0.934,0.935,2643265008.0,2471452782,2471452782,2026-07-10,2026-07-10 16:11:36+08:00
159520,消费龙头ETF工银,0.885,0.8807,-0.49,0.015,1.72,59056.0,5170953.0,0.871,0.885,0.862,0.87,2.64,3.71,2.07,-6.63,34795.0,24261.0,21036.0,0.41,2712167.0,52.45,-2691131.0,-52.04,3094.0,0.06,-24130.0,-0.47,737.0,0.882,0.885,159177649.0,140872219,140872219,2026-07-10,2026-07-10 15:34:21+08:00
510150,消费ETF招商,0.48,0.4796,-0.08,0.008,1.69,698419.0,33471178.0,0.472,0.485,0.468,0.472,3.6,2.33,0.97,-0.91,398468.0,299951.0,4191669.0,12.52,4570032.0,13.65,-378363.0,-1.13,-2842663.0,-8.49,-1349007.0,-4.03,-3776.0,0.479,0.48,2997178608.0,1438645732,1438645732,2026-07-10,2026-07-10 16:11:39+08:00
562390,中药ETF银华,0.851,0.8506,-0.05,0.014,1.67,19781.0,1669179.0,0.838,0.855,0.825,0.837,3.58,2.34,0.87,-1.65,10033.0,9748.0,423666.0,25.38,720001.0,43.14,-296335.0,-17.75,-373515.0,-22.38,-50150.0,-3.0,-127.0,0.85,0.852,84429000.0,71849079,71849079,2026-07-10,2026-07-10 16:11:34+08:00
520730,港股通汽车ETF万家,0.79,0.7866,-0.43,0.013,1.67,25878.0,2041682.0,0.775,0.802,0.77,0.777,4.12,2.08,0.51,15.1,15030.0,10848.0,418729.0,20.51,0.0,0.0,418729.0,20.51,-340030.0,-16.65,-78700.0,-3.85,-58.0,0.79,0.792,124394400.0,98271576,98271576,2026-07-10,2026-07-10 16:11:50+08:00
516000,大数据ETF华夏,1.038,1.0369,-0.11,0.017,1.67,1197866.0,125876960.0,1.026,1.077,1.015,1.021,6.07,33.57,2.95,30.73,524405.0,673461.0,-9055503.0,-7.19,-7317998.0,-5.81,-1737505.0,-1.38,4094756.0,3.25,4960746.0,3.94,-3909.0,1.038,1.039,356855008.0,370415498,370415498,2026-07-10,2026-07-10 16:11:42+08:00
510660,医药ETF华夏,2.433,2.4323,-0.03,0.04,1.67,105906.0,25667696.0,2.391,2.472,2.361,2.393,4.64,17.99,1.04,-29.34,50842.0,55064.0,-604919.0,-2.36,-460427.0,-1.79,-144492.0,-0.56,1627949.0,6.34,-1023030.0,-3.99,-85.0,2.433,2.434,58879700.0,143254310,143254310,2026-07-10,2026-07-10 16:11:42+08:00
159051,医疗器械ETF易方达,0.975,0.9751,0.01,0.016,1.67,32746.0,3192895.528,0.95,0.988,0.95,0.959,3.96,1.69,0.78,-94.59,18090.0,14656.0,1036785.0,32.47,0.0,0.0,1036785.0,32.47,-851272.0,-26.66,-185513.0,-5.81,-400.0,0.974,0.975,194117894.0,189264947,189264947,2026-07-10,2026-07-10 15:34:54+08:00
159877,医疗ETF南方,0.493,0.493,0.0,0.008,1.65,24781.0,1225233.3,0.484,0.5,0.48,0.485,4.12,1.18,1.14,4.37,15119.0,9662.0,97427.0,7.95,785222.0,64.09,-687795.0,-56.14,-38555.0,-3.15,-58872.0,-4.8,-100.0,0.493,0.495,210792292.0,103920600,103920600,2026-07-10,2026-07-10 15:34:30+08:00
516790,医疗ETF华泰柏瑞,0.495,0.4959,0.18,0.008,1.64,59701.0,2967285.0,0.487,0.502,0.482,0.487,4.11,3.27,0.95,0.35,16127.0,43574.0,-96358.0,-3.25,18465.0,0.62,-114823.0,-3.87,133871.0,4.51,-37513.0,-1.26,-149.0,0.495,0.496,182682200.0,90427689,90427689,2026-07-10,2026-07-10 16:11:32+08:00
562600,医疗器械ETF华夏,0.746,0.7459,-0.01,0.012,1.63,619252.0,46082804.0,0.727,0.757,0.726,0.734,4.22,13.15,1.13,5.53,243114.0,376138.0,2028961.0,4.4,6912288.0,15.0,-4883327.0,-10.6,-1668510.0,-3.62,-360452.0,-0.78,-515.0,0.745,0.746,470937408.0,351319306,351319306,2026-07-10,2026-07-10 16:11:38+08:00
159872,智能网联汽车ETF鹏华,0.875,0.8669,-0.93,0.014,1.63,51502.0,4497997.9,0.857,0.886,0.854,0.861,3.72,8.83,3.31,-97.69,28756.0,22746.0,-134520.0,-2.99,1388931.0,30.88,-1523451.0,-33.87,132446.0,2.94,2074.0,0.05,2.0,0.864,0.875,58299732.0,51012266,51012266,2026-07-10,2026-07-10 15:34:24+08:00
159121,港股通汽车ETF易方达,0.755,0.755,0.0,0.012,1.62,543384.0,40966071.164,0.753,0.766,0.736,0.743,4.04,43.3,0.61,17.16,273759.0,269625.0,862016.0,2.1,-2492316.0,-6.08,3354332.0,8.19,-590793.0,-1.44,-271222.0,-0.66,988.0,0.753,0.755,125481127.0,94738251,94738251,2026-07-10,2026-07-10 15:34:15+08:00
560830,电力ETF华夏,0.881,0.8775,-0.4,0.014,1.61,266583.0,23363848.0,0.865,0.885,0.861,0.867,2.77,3.53,1.16,-18.3,147092.0,119491.0,2147085.0,9.19,3749079.0,16.05,-1601994.0,-6.86,-1608728.0,-6.89,-538359.0,-2.3,-3704.0,0.88,0.881,756019008.0,666052746,666052746,2026-07-10,2026-07-10 16:11:37+08:00
159550,互联网ETF东财,0.821,0.8149,-0.75,0.013,1.61,99950.0,8114158.1,0.803,0.828,0.793,0.808,4.33,5.38,1.29,62.31,51488.0,48462.0,-289648.0,-3.57,-11964.0,-0.15,-277684.0,-3.42,308691.0,3.8,-19043.0,-0.23,-122.0,0.821,0.822,185828785.0,152565432,152565432,2026-07-10,2026-07-10 15:34:24+08:00
561010,软件ETF华安,0.888,0.8837,-0.49,0.014,1.6,153466.0,13607625.0,0.865,0.907,0.859,0.874,5.49,6.15,1.78,-21.44,81584.0,71882.0,-148893.0,-1.09,-823185.0,-6.05,674292.0,4.96,324447.0,2.38,-175553.0,-1.29,-1152.0,0.887,0.888,249356000.0,221428128,221428128,2026-07-10,2026-07-10 16:11:46+08:00
513360,教育ETF博时,0.445,0.4427,-0.52,0.007,1.6,2540584.0,113934516.0,0.438,0.453,0.437,0.438,3.65,38.08,1.98,-18.55,1305059.0,1235525.0,4665684.0,4.1,5143417.0,4.51,-477733.0,-0.42,-2978916.0,-2.61,-1686770.0,-1.48,-5480.0,0.445,0.446,667213904.0,296910187,296910187,2026-07-10,2026-07-10 16:11:46+08:00
159586,计算机ETF南方,1.077,1.0743,-0.25,0.017,1.6,181037.0,19551554.1,1.06,1.105,1.046,1.06,5.57,8.15,2.38,-2.65,92044.0,88993.0,-732042.0,-3.74,2220927.0,11.36,-2952969.0,-15.1,1491640.0,7.63,-759599.0,-3.89,-91.0,1.077,1.078,222025923.0,239121919,239121919,2026-07-10,2026-07-10 15:34:54+08:00
515230,软件ETF国泰,0.705,0.7046,-0.06,0.011,1.59,4136056.0,293754003.0,0.689,0.724,0.683,0.694,5.91,5.84,1.78,-20.24,2385648.0,1750408.0,23605075.0,8.04,43222034.0,14.71,-19616959.0,-6.68,-13120542.0,-4.47,-10484532.0,-3.57,-17377.0,0.705,0.706,7083691008.0,4994002161,4994002161,2026-07-10,2026-07-10 16:11:36+08:00
159041,农业ETF鹏华,0.956,0.955,-0.1,0.015,1.59,29958.0,2850560.073,0.969,0.97,0.921,0.941,5.21,1.99,0.73,21.94,21896.0,8062.0,288940.0,10.14,1609217.0,56.45,-1320277.0,-46.32,-270198.0,-9.48,-18743.0,-0.66,4946.0,0.95,0.96,150471832.0,143851071,143851071,2026-07-10,2026-07-10 15:34:36+08:00
516810,农业ETF华夏,0.704,0.7031,-0.13,0.011,1.59,1407055.0,98190246.0,0.693,0.71,0.683,0.693,3.9,26.93,0.99,-1.53,701158.0,705897.0,1034728.0,1.05,5899300.0,6.01,-4864572.0,-4.95,-234110.0,-0.24,-800618.0,-0.82,-1273.0,0.703,0.704,522478896.0,367825143,367825143,2026-07-10,2026-07-10 16:11:43+08:00
159852,软件ETF嘉实,0.708,0.7072,-0.11,0.011,1.58,7016339.0,498547924.313,0.692,0.727,0.685,0.697,6.03,6.1,1.3,11.46,3661564.0,3354776.0,45680380.0,9.16,68432948.0,13.73,-22752568.0,-4.56,-30441669.0,-6.11,-15238711.0,-3.06,42324.0,0.707,0.708,11506624000.0,8146689792,8146689792,2026-07-10,2026-07-10 15:34:30+08:00
159171,工业有色ETF博时,0.771,0.7649,-0.8,0.012,1.58,115001.0,8865401.138,0.759,0.783,0.753,0.759,3.95,4.78,1.46,51.92,45025.0,69976.0,554052.0,6.25,213234.0,2.41,340818.0,3.84,-166219.0,-1.87,-387833.0,-4.37,-330.0,0.771,0.772,240532934.0,185450892,185450892,2026-07-10,2026-07-10 15:34:51+08:00
159165,养殖ETF永赢,0.835,0.8346,-0.05,0.013,1.58,95785.0,7936024.761,0.822,0.841,0.808,0.822,4.01,8.43,0.83,-91.63,50311.0,45474.0,137059.0,1.73,-463295.0,-5.84,600354.0,7.56,-6228.0,-0.08,-130830.0,-1.65,223.0,0.834,0.835,113571257.0,94832000,94832000,2026-07-10,2026-07-10 15:34:21+08:00
159056,医疗器械ETF富国,0.973,0.9731,0.01,0.015,1.57,63273.0,6164379.662,0.956,0.987,0.948,0.958,4.07,2.9,0.96,-5.69,33562.0,29711.0,704038.0,11.42,619557.0,10.05,84481.0,1.37,-572733.0,-9.29,-131305.0,-2.13,-1.0,0.973,0.974,217934358.0,212050130,212050130,2026-07-10,2026-07-10 15:34:39+08:00
159057,医疗器械ETF鹏华,0.975,0.976,0.1,0.015,1.56,15196.0,1488897.785,0.96,0.987,0.949,0.96,3.96,1.36,0.62,-65.89,8664.0,6532.0,199466.0,13.4,11580.0,0.78,187886.0,12.62,-104528.0,-7.02,-94938.0,-6.38,-1.0,0.974,0.975,111715334.0,108922451,108922451,2026-07-10,2026-07-10 15:34:57+08:00
159899,软件ETF招商,0.718,0.7156,-0.34,0.011,1.56,460220.0,33196586.6,0.702,0.737,0.694,0.707,6.08,5.59,2.17,5.08,219842.0,240378.0,7473118.0,22.51,8322538.0,25.07,-849420.0,-2.56,-3754759.0,-11.31,-3718360.0,-11.2,1096.0,0.716,0.718,822977728.0,590898009,590898009,2026-07-10,2026-07-10 15:34:39+08:00
159210,港股通汽车ETF汇添富,0.853,0.8517,-0.15,0.013,1.55,364032.0,31096820.4,0.844,0.864,0.834,0.84,3.57,105.36,0.73,-16.67,172383.0,191649.0,113341.0,0.36,461486.0,1.48,-348145.0,-1.12,110577.0,0.36,-223919.0,-0.72,55.0,0.852,0.853,34549802.0,29470981,29470981,2026-07-10,2026-07-10 15:34:57+08:00
516700,大数据ETF华宝,0.992,0.9877,-0.44,0.015,1.54,661206.0,66584333.0,0.984,1.028,0.969,0.977,6.04,43.61,3.08,5.17,285011.0,376195.0,-6826621.0,-10.25,-11042950.0,-16.58,4216329.0,6.33,2029386.0,3.05,4797234.0,7.2,-4055.0,0.992,0.993,151622000.0,150409024,150409024,2026-07-10,2026-07-10 16:12:01+08:00
562930,软件ETF易方达,0.732,0.7311,-0.12,0.011,1.53,760647.0,55872005.0,0.715,0.752,0.709,0.721,5.96,5.96,1.44,-11.72,361624.0,399023.0,6747580.0,12.08,9848618.0,17.63,-3101038.0,-5.55,-4889323.0,-8.75,-1858256.0,-3.33,-1029.0,0.731,0.732,1275437008.0,933619890,933619890,2026-07-10,2026-07-10 16:11:45+08:00
560870,工业有色ETF中银,0.881,0.8787,-0.26,0.013,1.5,54024.0,4789755.0,0.872,0.901,0.865,0.868,4.15,5.13,0.81,-17.08,31007.0,23017.0,56310.0,1.18,0.0,0.0,56310.0,1.18,134112.0,2.8,-190422.0,-3.98,-2271.0,0.88,0.881,105351900.0,92815024,92815024,2026-07-10,2026-07-10 16:11:39+08:00
516820,医疗创新ETF平安,0.338,0.3376,-0.12,0.005,1.5,2314167.0,78299230.0,0.332,0.344,0.328,0.333,4.8,4.34,1.22,-15.58,1405399.0,908768.0,6235924.0,7.96,10775136.0,13.76,-4539212.0,-5.8,-5040716.0,-6.44,-1195208.0,-1.53,-9813.0,0.338,0.339,5330415104.0,1801680305,1801680305,2026-07-10,2026-07-10 16:11:48+08:00
159611,电力ETF广发,1.022,1.0185,-0.34,0.015,1.49,5190783.0,527433959.387,1.006,1.026,0.999,1.007,2.68,5.98,1.29,-40.75,3099204.0,2091579.0,28426156.0,5.39,24829894.0,4.71,3596262.0,0.68,-17211685.0,-3.26,-11214472.0,-2.13,-45793.0,1.022,1.023,8680762880.0,8871739663,8871739663,2026-07-10,2026-07-10 15:34:15+08:00
560320,食品ETF富国,0.888,0.8884,0.05,0.013,1.49,79700.0,7018126.0,0.87,0.896,0.87,0.875,2.97,5.13,1.51,-1.88,33648.0,46052.0,289618.0,4.13,1229267.0,17.52,-939649.0,-13.39,-200437.0,-2.86,-89180.0,-1.27,-322.0,0.888,0.89,155332000.0,137934816,137934816,2026-07-10,2026-07-10 16:12:01+08:00
513900,港股通100ETF华安,0.961,0.9615,0.05,0.014,1.48,224082.0,21499025.0,0.95,0.968,0.948,0.947,2.11,19.16,1.23,-8.57,121176.0,102906.0,498718.0,2.32,-1351743.0,-6.29,1850461.0,8.61,-298193.0,-1.39,-200526.0,-0.93,-16.0,0.96,0.961,116978000.0,112415858,112415858,2026-07-10,2026-07-10 16:11:43+08:00
516610,医疗设备ETF大成,0.412,0.4114,-0.15,0.006,1.48,127479.0,5251560.0,0.406,0.418,0.4,0.406,4.43,5.72,1.62,31.12,83567.0,43912.0,-534707.0,-10.18,-1076308.0,-20.5,541601.0,10.31,534074.0,10.17,634.0,0.01,-4867.0,0.412,0.414,222974800.0,91865618,91865618,2026-07-10,2026-07-10 16:11:39+08:00
512870,杭州湾区ETF南华,1.591,1.552,-2.51,0.023,1.47,1248.0,198150.0,1.568,1.61,1.553,1.568,3.64,0.61,0.58,18.29,226.0,1022.0,-102529.0,-51.74,155.0,0.08,-102684.0,-51.82,74944.0,37.82,27584.0,13.92,-20.0,1.544,1.555,20410600.0,32473265,32473265,2026-07-10,2026-07-10 16:11:40+08:00
159590,软件ETF汇添富,0.899,0.8989,-0.01,0.013,1.47,742618.0,67416103.2,0.881,0.924,0.872,0.886,5.87,11.44,1.9,-54.53,376305.0,366313.0,8002882.0,11.87,10357241.0,15.36,-2354359.0,-3.49,-5749615.0,-8.53,-2253267.0,-3.34,2859.0,0.898,0.899,649361744.0,583776208,583776208,2026-07-10,2026-07-10 15:34:57+08:00
510630,消费ETF华夏,0.763,0.7616,-0.18,0.011,1.46,706617.0,53499161.0,0.749,0.765,0.741,0.752,3.19,12.91,1.1,3.53,340046.0,366571.0,2562223.0,4.79,7602359.0,14.21,-5040136.0,-9.42,-2342104.0,-4.38,-220121.0,-0.41,-10950.0,0.762,0.763,547361504.0,417636828,417636828,2026-07-10,2026-07-10 16:11:34+08:00
562550,绿电ETF华夏,1.114,1.1104,-0.32,0.016,1.46,1182354.0,130695538.0,1.1,1.119,1.089,1.098,2.73,7.11,1.18,-20.25,649635.0,532719.0,3752771.0,2.87,1145820.0,0.88,2606951.0,1.99,-3922380.0,-3.0,169610.0,0.13,-19325.0,1.112,1.114,1661919296.0,1851378096,1851378096,2026-07-10,2026-07-10 16:11:36+08:00
517550,沪港深消费龙头ETF招商,0.633,0.6318,-0.19,0.009,1.44,94866.0,5985099.0,0.623,0.636,0.619,0.624,2.72,10.79,0.83,3.12,41630.0,53236.0,1687.0,0.03,0.0,0.0,1687.0,0.03,10611.0,0.18,-12297.0,-0.21,-25.0,0.631,0.633,87917400.0,55651714,55651714,2026-07-10,2026-07-10 16:11:36+08:00
516110,汽车ETF国泰,1.129,1.1278,-0.11,0.016,1.44,472690.0,53316851.0,1.111,1.143,1.106,1.113,3.32,20.32,1.2,26.95,231423.0,241267.0,-6746812.0,-12.65,7308572.0,13.71,-14055384.0,-26.36,3100140.0,5.81,3646673.0,6.84,-52.0,1.128,1.129,232623100.0,262631480,262631480,2026-07-10,2026-07-10 16:11:56+08:00
561430,红利质量ETF博时,0.985,0.9803,-0.48,0.014,1.44,34862.0,3424980.0,0.967,0.995,0.965,0.971,3.09,2.74,0.41,-29.88,19565.0,15297.0,1618207.0,47.25,9732.0,0.28,1608475.0,46.96,-1494065.0,-43.62,-124142.0,-3.62,100.0,0.976,0.982,127223200.0,125314852,125314852,2026-07-10,2026-07-10 16:11:42+08:00
159838,医药50ETF博时,0.565,0.5648,-0.04,0.008,1.44,116762.0,6634585.0,0.551,0.574,0.549,0.557,4.49,4.49,0.84,11.3,55995.0,60767.0,481486.0,7.26,914317.0,13.78,-432831.0,-6.52,-186397.0,-2.81,-295089.0,-4.45,-50.0,0.565,0.566,259763462.0,146766356,146766356,2026-07-10,2026-07-10 15:34:03+08:00
159251,港股通科技ETF万家,0.774,0.7753,0.17,0.011,1.44,290057.0,22568679.7,0.766,0.787,0.762,0.763,3.28,11.75,1.3,-8.64,122443.0,167614.0,1247685.0,5.53,-1000.0,0.0,1248685.0,5.53,-1203403.0,-5.33,-44282.0,-0.2,-330.0,0.774,0.775,246787744.0,191013714,191013714,2026-07-10,2026-07-10 15:34:24+08:00
561470,畜牧养殖ETF天弘,0.99,0.9926,0.26,0.014,1.43,337682.0,33343394.0,0.969,1.0,0.96,0.976,4.1,14.31,0.79,35.4,207736.0,129946.0,2740158.0,8.22,5190055.0,15.57,-2449897.0,-7.35,-2553956.0,-7.66,-186203.0,-0.56,-5.0,0.99,0.991,235936000.0,233576640,233576640,2026-07-10,2026-07-10 16:11:46+08:00
159239,港股通汽车ETF富国,0.791,0.7937,0.34,0.011,1.41,153556.0,12151037.8,0.78,0.805,0.771,0.78,4.36,20.81,1.04,-1.69,81384.0,72172.0,747788.0,6.15,-157177.0,-1.29,904965.0,7.45,-504628.0,-4.15,-243159.0,-2.0,161.0,0.79,0.791,73780753.0,58360576,58360576,2026-07-10,2026-07-10 15:34:12+08:00
560790,软件ETF鹏华,0.864,0.8641,0.01,0.012,1.41,66755.0,5800811.0,0.846,0.887,0.836,0.852,5.99,2.9,1.96,-32.89,37290.0,29465.0,535369.0,9.23,219999.0,3.79,315370.0,5.44,-438126.0,-7.55,-97244.0,-1.68,-650.0,0.863,0.864,230455900.0,199113898,199113898,2026-07-10,2026-07-10 16:11:32+08:00
563060,央企50ETF易方达,1.084,1.0647,-1.81,0.015,1.4,8091.0,868775.0,1.067,1.087,1.066,1.069,1.96,0.42,0.41,-19.16,4902.0,3189.0,338133.0,38.92,304750.0,35.08,33383.0,3.84,-335880.0,-38.66,-2253.0,-0.26,-1858.0,1.084,1.087,194527000.0,210867268,210867268,2026-07-10,2026-07-10 16:11:39+08:00
560160,食品ETF易方达,0.878,0.8775,-0.06,0.012,1.39,55372.0,4836552.0,0.866,0.882,0.857,0.866,2.89,4.63,1.14,-3.01,31767.0,23605.0,51575.0,1.07,592037.0,12.24,-540462.0,-11.17,4268.0,0.09,-55844.0,-1.15,-181.0,0.878,0.879,119706000.0,105101868,105101868,2026-07-10,2026-07-10 16:11:50+08:00
560130,食品ETF鹏华,0.874,0.8758,0.21,0.012,1.39,5816.0,508144.0,0.865,0.88,0.859,0.862,2.44,0.81,1.66,-8.71,3561.0,2255.0,-42253.0,-8.32,0.0,0.0,-42253.0,-8.32,-94734.0,-18.64,136989.0,26.96,-50.0,0.872,0.877,71776200.0,62732399,62732399,2026-07-10,2026-07-10 16:12:01+08:00
159862,食品饮料ETF银华,0.512,0.5164,0.85,0.007,1.39,42002.0,2147136.2,0.507,0.519,0.502,0.505,3.37,1.22,0.93,-30.52,26989.0,15013.0,323596.0,15.07,708497.0,33.0,-384901.0,-17.93,-237938.0,-11.08,-85658.0,-3.99,-300.0,0.512,0.516,345000624.0,176640319,176640319,2026-07-10,2026-07-10 15:34:51+08:00
159201,自由现金流ETF华夏,1.093,1.0915,-0.14,0.015,1.39,2967284.0,324204880.309,1.078,1.104,1.073,1.078,2.88,2.22,0.63,39.34,1692155.0,1275129.0,-2729177.0,-0.84,-4622101.0,-1.43,1892924.0,0.58,-1242205.0,-0.38,3971383.0,1.22,-22407.0,1.093,1.094,13352275968.0,14594037633,14594037633,2026-07-10,2026-07-10 15:34:06+08:00
520910,港股通互联网ETF华夏,0.656,0.6494,-1.02,0.009,1.39,1136176.0,74218444.0,0.653,0.664,0.637,0.647,4.17,14.98,1.08,-23.0,526790.0,609386.0,2256072.0,3.04,3973439.0,5.35,-1717367.0,-2.31,-2255620.0,-3.04,-453.0,0.0,-8.0,0.655,0.656,758445008.0,497539925,497539925,2026-07-10,2026-07-10 16:11:32+08:00
159787,建材ETF易方达,0.591,0.5904,-0.1,0.008,1.37,11400.0,673006.6,0.584,0.596,0.582,0.583,2.4,0.86,0.48,-7.38,6994.0,4406.0,-182452.0,-27.11,0.0,0.0,-182452.0,-27.11,178743.0,26.56,3709.0,0.55,4.0,0.59,0.592,132021633.0,78024785,78024785,2026-07-10,2026-07-10 15:34:51+08:00
561170,绿色电力ETF富国,1.118,1.116,-0.18,0.015,1.36,481628.0,53651343.0,1.1,1.125,1.095,1.103,2.72,9.1,1.57,-0.64,306123.0,175505.0,-4685363.0,-8.73,-559383.0,-1.04,-4125980.0,-7.69,-5154968.0,-9.61,9840331.0,18.34,-1937.0,1.118,1.119,529532704.0,592017563,592017563,2026-07-10,2026-07-10 16:12:00+08:00
560360,软件ETF万家,1.267,1.2672,0.02,0.017,1.36,111120.0,14120089.0,1.242,1.306,1.227,1.25,6.32,5.46,2.19,-24.08,57983.0,53137.0,3695143.0,26.17,4610080.0,32.65,-914937.0,-6.48,-2829104.0,-20.04,-866039.0,-6.13,-104.0,1.267,1.268,203345000.0,257638115,257638115,2026-07-10,2026-07-10 16:11:53+08:00
563850,食品ETF广发,0.902,0.9007,-0.14,0.012,1.35,14791.0,1330461.0,0.892,0.906,0.884,0.89,2.47,1.72,0.74,-0.56,7036.0,7755.0,32224.0,2.42,0.0,0.0,32224.0,2.42,-79562.0,-5.98,47338.0,3.56,-1.0,0.901,0.902,86081700.0,77645693,77645693,2026-07-10,2026-07-10 16:11:59+08:00
159168,有色ETF富国,0.829,0.8284,-0.07,0.011,1.34,572057.0,47673745.945,0.82,0.849,0.816,0.818,4.03,12.21,1.3,29.01,280224.0,291833.0,10197556.0,21.39,13130918.0,27.54,-2933362.0,-6.15,-7750572.0,-16.26,-2446983.0,-5.13,-1264.0,0.829,0.83,468455056.0,388349241,388349241,2026-07-10,2026-07-10 15:34:24+08:00
520630,港股通互联网ETF广发,0.68,0.6738,-0.92,0.009,1.34,506605.0,34465049.0,0.685,0.69,0.664,0.671,3.87,11.78,1.21,3.84,230901.0,275704.0,1655954.0,4.8,1583752.0,4.6,72202.0,0.21,-1269802.0,-3.68,-386152.0,-1.12,-508.0,0.679,0.68,430110000.0,292474800,292474800,2026-07-10,2026-07-10 16:11:41+08:00
520780,港股通汽车ETF华宝,0.84,0.8352,-0.57,0.011,1.33,209492.0,17682979.0,0.832,0.854,0.822,0.829,3.86,51.78,0.79,-1.88,113879.0,95613.0,-16336.0,-0.09,-287107.0,-1.62,270771.0,1.53,257210.0,1.45,-240873.0,-1.36,-2.0,0.839,0.841,40460000.0,33986400,33986400,2026-07-10,2026-07-10 16:11:44+08:00
562350,电力ETF银华,1.071,1.071,0.0,0.014,1.32,144636.0,15434853.0,1.057,1.079,1.05,1.057,2.74,10.45,1.21,7.53,77242.0,67394.0,-1202099.0,-7.79,-891683.0,-5.78,-310416.0,-2.01,1169549.0,7.58,32549.0,0.21,-412.0,1.07,1.071,138410900.0,148238074,148238074,2026-07-10,2026-07-10 16:11:45+08:00
159068,软件ETF华夏,1.016,1.0177,0.17,0.013,1.3,532616.0,54651850.031,1.003,1.05,0.987,1.003,6.28,31.45,1.3,-18.42,238116.0,294500.0,10769474.0,19.71,28802818.0,52.7,-18033344.0,-33.0,-9389989.0,-17.18,-1379485.0,-2.52,-100.0,1.016,1.017,169336570.0,172045955,172045955,2026-07-10,2026-07-10 15:34:51+08:00
159399,现金流ETF国泰,0.937,0.9361,-0.1,0.012,1.3,1673026.0,157010813.232,0.928,0.944,0.927,0.925,1.84,3.89,1.0,-63.57,1071080.0,601946.0,-23732814.0,-15.12,-16331548.0,-10.4,-7401266.0,-4.71,18189116.0,11.58,5543697.0,3.53,-2128.0,0.937,0.938,4305194752.0,4033967483,4033967483,2026-07-10,2026-07-10 15:34:45+08:00
513730,东南亚科技ETF华泰柏瑞,1.166,1.151,-1.3,0.015,1.3,330636.0,38488391.0,1.166,1.168,1.161,1.151,0.61,3.83,1.0,21.03,222326.0,108310.0,-1617146.0,-4.2,-505718.0,-1.31,-1111428.0,-2.89,3513230.0,9.13,-1896084.0,-4.93,-2098.0,1.166,1.167,862355008.0,1005505939,1005505939,2026-07-10,2026-07-10 16:11:51+08:00
159898,医疗器械ETF招商,0.47,0.47,0.0,0.006,1.29,388773.0,18348562.8,0.464,0.478,0.459,0.464,4.09,4.22,1.28,40.2,198921.0,189852.0,1614643.0,8.8,4173060.0,22.74,-2558417.0,-13.94,-695030.0,-3.79,-919611.0,-5.01,-256.0,0.47,0.472,921098832.0,432916451,432916451,2026-07-10,2026-07-10 15:34:51+08:00
560930,电力ETF易方达,0.861,0.8598,-0.14,0.011,1.29,92547.0,7946977.0,0.85,0.867,0.843,0.85,2.82,4.41,0.96,17.87,63427.0,29120.0,244967.0,3.08,950927.0,11.97,-705960.0,-8.88,-244999.0,-3.08,32.0,0.0,-303.0,0.86,0.861,210024000.0,180830664,180830664,2026-07-10,2026-07-10 16:11:51+08:00
159049,有色ETF工银,0.942,0.938,-0.43,0.012,1.29,167162.0,15794339.226,0.93,0.966,0.924,0.93,4.52,7.3,0.74,-64.44,112518.0,54644.0,1853662.0,11.74,2318467.0,14.68,-464805.0,-2.94,-1728165.0,-10.94,-125498.0,-0.79,577.0,0.94,0.942,229073319.0,215787066,215787066,2026-07-10,2026-07-10 15:34:42+08:00
560460,电力ETF平安,0.879,0.8787,-0.03,0.011,1.27,82536.0,7216218.0,0.866,0.886,0.861,0.868,2.88,2.54,1.22,3.75,51868.0,30668.0,903833.0,12.53,0.0,0.0,903833.0,12.53,-611934.0,-8.48,-291899.0,-4.05,-377.0,0.878,0.879,325037008.0,285707530,285707530,2026-07-10,2026-07-10 16:11:35+08:00
515210,钢铁ETF国泰,1.127,1.1235,-0.31,0.014,1.26,784416.0,88126039.0,1.111,1.14,1.095,1.113,4.04,8.85,1.17,-7.77,426203.0,358213.0,-13356010.0,-15.16,-8202331.0,-9.31,-5153679.0,-5.85,4185589.0,4.75,9170422.0,10.41,-1394.0,1.126,1.127,886226096.0,998776810,998776810,2026-07-10,2026-07-10 16:11:35+08:00
159798,消费ETF易方达,0.801,0.8007,-0.04,0.01,1.26,162330.0,12907252.3,0.787,0.803,0.78,0.791,2.91,9.71,1.32,32.95,88925.0,73405.0,-179135.0,-1.39,820126.0,6.35,-999261.0,-7.74,149104.0,1.16,30033.0,0.23,530.0,0.8,0.801,167245390.0,133963557,133963557,2026-07-10,2026-07-10 15:34:00+08:00
561580,央企红利ETF华泰柏瑞,1.134,1.133,-0.09,0.014,1.25,646581.0,72929738.0,1.116,1.137,1.115,1.12,1.96,3.06,0.97,-17.65,364393.0,282188.0,13714157.0,18.8,10429584.0,14.3,3284573.0,4.5,-9235306.0,-12.66,-4478850.0,-6.14,-189.0,1.132,1.134,2110870704.0,2393727378,2393727378,2026-07-10,2026-07-10 16:11:51+08:00
159232,自由现金流ETF南方,1.131,1.1282,-0.25,0.014,1.25,1739828.0,197160352.208,1.127,1.14,1.127,1.117,1.16,8.32,1.03,-21.42,913259.0,826569.0,3724805.0,1.89,-19599144.0,-9.94,23323949.0,11.83,-2704103.0,-1.37,-1020701.0,-0.52,885.0,1.13,1.131,2090948560.0,2364862821,2364862821,2026-07-10,2026-07-10 15:34:57+08:00
512140,电力ETF华安,0.897,0.8959,-0.12,0.011,1.24,199463.0,17834509.0,0.887,0.903,0.88,0.886,2.6,11.94,1.08,-11.02,110466.0,88997.0,-45976.0,-0.26,1360633.0,7.63,-1406609.0,-7.89,46433.0,0.26,-457.0,0.0,-349.0,0.897,0.898,167049000.0,149842953,149842953,2026-07-10,2026-07-10 16:11:59+08:00
516370,电力ETF汇添富,0.899,0.8982,-0.09,0.011,1.24,218529.0,19583250.0,0.888,0.905,0.881,0.888,2.7,6.84,1.29,-1.45,111504.0,107025.0,1071811.0,5.47,1833140.0,9.36,-761329.0,-3.89,-893459.0,-4.56,-178351.0,-0.91,-1065.0,0.898,0.899,319408000.0,287147792,287147792,2026-07-10,2026-07-10 16:11:48+08:00
560580,电力ETF南方,1.072,1.0716,-0.04,0.013,1.23,131368.0,13953112.0,1.059,1.079,1.05,1.059,2.74,3.01,1.37,2.95,87137.0,44231.0,602575.0,4.32,-128221.0,-0.92,730796.0,5.24,-600241.0,-4.3,-2334.0,-0.02,-394.0,1.072,1.073,436003008.0,467395225,467395225,2026-07-10,2026-07-10 16:11:50+08:00
560490,工业有色ETF华泰柏瑞,0.908,0.9066,-0.15,0.011,1.23,101786.0,9306854.0,0.902,0.93,0.888,0.897,4.68,7.86,0.86,3.34,58443.0,43343.0,805804.0,8.66,272844.0,2.93,532960.0,5.73,-628133.0,-6.75,-177671.0,-1.91,-330.0,0.907,0.908,129482000.0,117569656,117569656,2026-07-10,2026-07-10 16:11:46+08:00
159225,现金流ETF银华,1.148,1.1454,-0.23,0.014,1.23,40343.0,4635215.16,1.138,1.158,1.129,1.134,2.56,1.5,1.17,8.78,21874.0,18469.0,-153992.0,-3.32,-378613.0,-8.17,224621.0,4.85,-666025.0,-14.37,820018.0,17.69,53.0,1.146,1.153,268744800.0,308519030,308519030,2026-07-10,2026-07-10 15:34:03+08:00
515650,消费50ETF富国,0.998,0.9977,-0.03,0.012,1.22,447884.0,44319451.0,0.985,1.0,0.973,0.986,2.74,1.46,0.96,-3.1,242578.0,205306.0,4622740.0,10.43,2603779.0,5.88,2018961.0,4.56,-369553.0,-0.83,-4253187.0,-9.6,-2926.0,0.997,0.998,3071184000.0,3065041632,3065041632,2026-07-10,2026-07-10 16:11:34+08:00
520680,港股通汽车ETF南方,0.834,0.8303,-0.45,0.01,1.21,22103.0,1845441.0,0.836,0.864,0.818,0.824,5.58,3.33,0.29,-1.47,8236.0,13867.0,113268.0,6.14,0.0,0.0,113268.0,6.14,-27978.0,-1.52,-85290.0,-4.62,-300.0,0.834,0.835,66369000.0,55351746,55351746,2026-07-10,2026-07-10 16:11:36+08:00
520870,巴西ETF易方达,1.084,1.0898,0.53,0.013,1.21,621195.0,67729880.0,1.087,1.098,1.082,1.071,1.49,11.35,1.46,6.02,313915.0,307281.0,-6073833.0,-8.97,-8753247.0,-12.92,2679414.0,3.96,4998829.0,7.38,1075004.0,1.59,-2596.0,1.083,1.084,547477200.0,593465285,593465285,2026-07-10,2026-07-10 16:11:55+08:00
159730,家电ETF博时,1.012,1.0127,0.07,0.012,1.2,6066.0,611744.8,1.003,1.021,0.996,1.0,2.5,1.36,0.3,5.5,3485.0,2581.0,-146306.0,-23.92,0.0,0.0,-146306.0,-23.92,110180.0,18.01,36126.0,5.91,6.0,1.012,1.016,44571340.0,45106196,45106196,2026-07-10,2026-07-10 15:34:57+08:00
513720,港股互联网ETF国泰,0.676,0.6709,-0.76,0.008,1.2,622317.0,42105120.0,0.671,0.687,0.66,0.668,4.04,27.19,1.32,22.1,304814.0,317503.0,-348131.0,-0.83,683278.0,1.62,-1031409.0,-2.45,286676.0,0.68,61456.0,0.15,-1950.0,0.676,0.677,228859000.0,154708684,154708684,2026-07-10,2026-07-10 16:11:34+08:00
560270,电力ETF工银,0.924,0.9242,0.02,0.011,1.2,185435.0,17113245.0,0.918,0.931,0.907,0.913,2.63,9.54,1.67,-6.66,129734.0,55701.0,200710.0,1.17,-1198036.0,-7.0,1398746.0,8.17,112379.0,0.66,-313090.0,-1.83,-622.0,0.924,0.925,194439000.0,179661636,179661636,2026-07-10,2026-07-10 16:11:58+08:00
517050,互联网ETF华泰柏瑞,0.674,0.674,0.0,0.008,1.2,43564.0,2939887.0,0.666,0.685,0.659,0.666,3.9,1.25,0.9,8.5,19657.0,23907.0,16939.0,0.58,-79250.0,-2.7,96189.0,3.27,24033.0,0.82,-40973.0,-1.39,5.0,0.674,0.676,349605008.0,235633775,235633775,2026-07-10,2026-07-10 16:11:33+08:00
560370,红利质量ETF易方达,0.841,0.8388,-0.26,0.01,1.2,5288.0,442581.0,0.831,0.848,0.826,0.831,2.65,0.44,0.09,-2.79,3392.0,1896.0,280330.0,63.34,228397.0,51.61,51933.0,11.73,-212830.0,-48.09,-67499.0,-15.25,3.0,0.839,0.84,120084000.0,100990644,100990644,2026-07-10,2026-07-10 16:11:47+08:00
515460,红利质量ETF南方,0.846,0.8449,-0.13,0.01,1.2,186081.0,15636394.0,0.836,0.855,0.831,0.836,2.87,6.24,0.97,-1.31,116596.0,69485.0,846095.0,5.41,2763715.0,17.67,-1917620.0,-12.26,-564792.0,-3.61,-281304.0,-1.8,86.0,0.845,0.849,298091008.0,252184993,252184993,2026-07-10,2026-07-10 16:11:53+08:00
159792,港股通互联网ETF富国,0.597,0.595,-0.34,0.007,1.19,55384534.0,3308189834.629,0.598,0.607,0.584,0.59,3.9,9.03,0.78,-8.81,32190146.0,23194388.0,-51396144.0,-1.55,-277515648.0,-8.39,226119504.0,6.84,47667092.0,1.44,3729058.0,0.11,-304766.0,0.597,0.598,61348855296.0,36625266612,36625266612,2026-07-10,2026-07-10 15:34:39+08:00
510160,产业升级ETF南方,0.848,0.8477,-0.04,0.01,1.19,2471.0,209432.0,0.834,0.853,0.832,0.838,2.51,0.13,0.38,0.24,1622.0,849.0,39502.0,18.86,0.0,0.0,39502.0,18.86,-30020.0,-14.33,-9483.0,-4.53,-2.0,0.846,0.848,192057400.0,162864675,162864675,2026-07-10,2026-07-10 16:11:46+08:00
517200,互联网ETF嘉实,0.597,0.5962,-0.13,0.007,1.19,53582.0,3198096.0,0.59,0.607,0.581,0.59,4.41,3.75,1.21,3.21,29827.0,23755.0,-62315.0,-1.95,385676.0,12.06,-447991.0,-14.01,121779.0,3.81,-59463.0,-1.86,-50.0,0.597,0.599,142782000.0,85240854,85240854,2026-07-10,2026-07-10 16:11:46+08:00
560860,工业有色ETF万家,1.528,1.5264,-0.1,0.018,1.19,2199358.0,338244392.0,1.513,1.565,1.501,1.51,4.24,3.76,0.81,-14.58,1052600.0,1146759.0,21904346.0,6.48,7774833.0,2.3,14129513.0,4.18,-8483538.0,-2.51,-13420808.0,-3.97,-3919.0,1.528,1.529,5856232960.0,8948323963,8948323963,2026-07-10,2026-07-10 16:11:44+08:00
526070,恒指港股通ETF博时,0.953,0.9495,-0.37,0.011,1.17,54637.0,5218187.0,0.975,0.975,0.944,0.942,3.29,5.61,0.63,-9.64,33915.0,20722.0,84728.0,1.62,-304335.0,-5.83,389063.0,7.46,-43228.0,-0.83,-41502.0,-0.8,-1.0,0.953,0.954,97377000.0,92800281,92800281,2026-07-10,2026-07-10 16:11:40+08:00
159151,食品ETF华夏,0.874,0.875,0.11,0.01,1.16,108669.0,9484052.0,0.864,0.88,0.858,0.864,2.55,8.06,0.97,-30.68,55045.0,53624.0,613732.0,6.47,262524.0,2.77,351208.0,3.7,-456194.0,-4.81,-157538.0,-1.66,722.0,0.873,0.874,134851063.0,117859829,117859829,2026-07-10,2026-07-10 15:34:15+08:00
159280,港股通互联网ETF汇添富,0.7,0.7004,0.06,0.008,1.16,644803.0,45075994.3,0.761,0.761,0.686,0.692,10.84,67.37,3.02,-80.68,304915.0,339888.0,792170.0,1.76,-4259546.0,-9.45,5051716.0,11.21,-1540616.0,-3.42,748446.0,1.66,873.0,0.698,0.7,95717171.0,67002020,67002020,2026-07-10,2026-07-10 15:34:30+08:00
520960,恒指港股通ETF嘉实,0.882,0.8775,-0.51,0.01,1.15,36286.0,3199761.0,0.873,0.887,0.873,0.872,1.61,5.45,0.9,9.57,23885.0,12401.0,156673.0,4.9,-228101.0,-7.13,384774.0,12.03,-154374.0,-4.82,-2300.0,-0.07,1.0,0.88,0.882,66603400.0,58744199,58744199,2026-07-10,2026-07-10 16:11:50+08:00
520940,港股通恒生ETF华安,0.967,0.9632,-0.39,0.011,1.15,59731.0,5793783.0,0.965,0.973,0.959,0.956,1.46,25.64,0.6,-20.86,31569.0,28162.0,448889.0,7.75,49794.0,0.86,399095.0,6.89,-383736.0,-6.62,-65151.0,-1.12,-5.0,0.965,0.967,23297000.0,22528199,22528199,2026-07-10,2026-07-10 16:11:58+08:00
561560,电力ETF华泰柏瑞,1.237,1.2365,-0.04,0.014,1.14,705350.0,86896801.0,1.222,1.246,1.213,1.223,2.7,3.33,1.18,-12.94,332278.0,373072.0,8791040.0,10.12,1331436.0,1.53,7459604.0,8.58,-6014157.0,-6.92,-2776882.0,-3.2,-2845.0,1.237,1.238,2121124208.0,2623830645,2623830645,2026-07-10,2026-07-10 16:11:51+08:00
515640,家电ETF华夏,0.974,0.9702,-0.39,0.011,1.14,27660.0,2698164.0,0.969,0.98,0.963,0.963,1.77,16.22,2.77,-2.73,20609.0,7051.0,448169.0,16.61,704584.0,26.11,-256415.0,-9.5,-330275.0,-12.24,-117894.0,-4.37,-4.0,0.969,0.974,17050000.0,16606700,16606700,2026-07-10,2026-07-10 16:11:40+08:00
159157,有色金属ETF天弘,0.797,0.7962,-0.1,0.009,1.14,1556261.0,124898627.549,0.789,0.816,0.783,0.788,4.19,1.81,0.97,58.6,876342.0,679919.0,9919712.0,7.94,11369156.0,9.1,-1449444.0,-1.16,-7056727.0,-5.65,-2862984.0,-2.29,-7856.0,0.797,0.798,8574758656.0,6834082649,6834082649,2026-07-10,2026-07-10 15:34:30+08:00
520650,港股通互联网ETF南方,0.62,0.6142,-0.94,0.007,1.14,2745707.0,170249313.0,0.613,0.628,0.605,0.613,3.75,14.07,0.89,-0.22,1347959.0,1397748.0,509980.0,0.3,-469300.0,-0.28,979280.0,0.58,-394551.0,-0.23,-115430.0,-0.07,-728.0,0.619,0.62,1951755008.0,1210088105,1210088105,2026-07-10,2026-07-10 16:11:57+08:00
159146,电力ETF华宝,0.986,0.9864,0.04,0.011,1.13,1188677.0,117045174.193,0.974,0.993,0.967,0.975,2.67,13.81,4.03,-26.54,242756.0,945921.0,-1428436.0,-1.22,60501918.0,51.69,-61930354.0,-52.91,1078370.0,0.92,350067.0,0.3,3157.0,0.985,0.986,860440848.0,848394676,848394676,2026-07-10,2026-07-10 15:34:33+08:00
159125,港股通科技ETF招商,0.722,0.7227,0.1,0.008,1.12,548337.0,39817599.025,0.714,0.734,0.71,0.714,3.36,5.97,0.81,-21.7,278124.0,270213.0,3210858.0,8.06,3214549.0,8.07,-3691.0,-0.01,-3103154.0,-7.79,-107704.0,-0.27,676.0,0.721,0.722,919245888.0,663695531,663695531,2026-07-10,2026-07-10 15:34:00+08:00
513320,港股通新经济ETF易方达,1.08,1.0699,-0.94,0.012,1.12,211146.0,22883842.0,1.072,1.1,1.065,1.068,3.28,18.68,0.94,-3.34,99777.0,111369.0,2252589.0,9.84,-172414.0,-0.75,2425003.0,10.6,-2196742.0,-9.6,-55846.0,-0.24,1646.0,1.079,1.08,113010600.0,122051448,122051448,2026-07-10,2026-07-10 16:11:53+08:00
560450,电力ETF天弘,0.912,0.9107,-0.14,0.01,1.11,266185.0,24183178.0,0.901,0.918,0.895,0.902,2.55,8.77,1.36,-1.28,171987.0,94198.0,953990.0,3.94,-2129604.0,-8.81,3083594.0,12.75,-526369.0,-2.18,-427621.0,-1.77,-922.0,0.911,0.912,303569008.0,276854935,276854935,2026-07-10,2026-07-10 16:11:58+08:00
159126,港股通50ETF南方,0.908,0.9078,-0.02,0.01,1.11,91402.0,8310908.838,0.901,0.914,0.901,0.898,1.45,3.44,0.55,-26.01,44250.0,47152.0,316983.0,3.81,0.0,0.0,316983.0,3.81,-343013.0,-4.13,26031.0,0.31,2.0,0.906,0.908,265616546.0,241179824,241179824,2026-07-10,2026-07-10 15:34:18+08:00
513770,港股互联网ETF华宝,0.366,0.3623,-1.02,0.004,1.1,18469646.0,676090676.0,0.365,0.372,0.357,0.362,4.14,12.87,0.67,-10.72,10229150.0,8240496.0,3934111.0,0.58,9005424.0,1.33,-5071313.0,-0.75,-2601477.0,-0.38,-1332632.0,-0.2,-178874.0,0.366,0.367,14348137984.0,5251418502,5251418502,2026-07-10,2026-07-10 16:11:51+08:00
159119,800现金流ETF招商,0.921,0.9172,-0.41,0.01,1.1,91496.0,8411989.7,0.914,0.929,0.904,0.911,2.74,5.65,0.91,-92.24,62057.0,29439.0,-12116.0,-0.14,416201.0,4.95,-428317.0,-5.09,59690.0,0.71,-47574.0,-0.57,60.0,0.917,0.921,162054229.0,149251945,149251945,2026-07-10,2026-07-10 15:34:18+08:00
562960,绿色电力ETF易方达,1.112,1.1122,0.02,0.012,1.09,465113.0,51411682.0,1.101,1.12,1.091,1.1,2.64,3.73,1.39,-3.26,291624.0,173489.0,19257.0,0.04,-956364.0,-1.86,975621.0,1.9,343458.0,0.67,-362714.0,-0.71,-691.0,1.112,1.113,1245891008.0,1385430801,1385430801,2026-07-10,2026-07-10 16:11:36+08:00
159220,港股通红利低波ETF华宝,0.558,0.5565,-0.27,0.006,1.09,289824.0,16115791.206,0.551,0.559,0.551,0.552,1.45,6.09,0.58,58.68,161941.0,127883.0,1126744.0,6.99,1001422.0,6.21,125322.0,0.78,-690309.0,-4.28,-436435.0,-2.71,-689.0,0.558,0.559,475569520.0,265367792,265367792,2026-07-10,2026-07-10 15:34:00+08:00
516130,消费龙头ETF华宝,0.651,0.6517,0.11,0.007,1.09,162517.0,10532738.0,0.644,0.655,0.637,0.644,2.8,1.05,0.8,-10.13,74808.0,87709.0,258022.0,2.45,-333234.0,-3.16,591256.0,5.61,-238642.0,-2.27,-19380.0,-0.18,-1284.0,0.651,0.652,1552890000.0,1010931390,1010931390,2026-07-10,2026-07-10 16:11:39+08:00
159276,现金流ETF汇添富,1.02,1.0184,-0.16,0.011,1.09,38066.0,3880750.8,1.008,1.029,1.005,1.009,2.38,1.04,0.97,-6.06,18161.0,19905.0,193700.0,4.99,-194868.0,-5.02,388568.0,10.01,-185446.0,-4.78,-8255.0,-0.21,-1.0,1.02,1.021,367696656.0,375050589,375050589,2026-07-10,2026-07-10 15:34:27+08:00
159063,粮食ETF南方,0.931,0.9257,-0.57,0.01,1.09,49963.0,4633423.693,0.912,0.936,0.911,0.921,2.71,7.04,0.77,70.99,29010.0,20953.0,26937.0,0.58,878303.0,18.96,-851366.0,-18.37,18753.0,0.4,-45690.0,-0.99,162.0,0.923,0.931,70986647.0,66088568,66088568,2026-07-10,2026-07-10 15:34:42+08:00
520790,港股通互联网ETF兴业,0.846,0.8411,-0.58,0.009,1.08,534919.0,45374237.0,0.86,0.876,0.829,0.837,5.62,13.3,1.01,2.2,262944.0,271975.0,1043930.0,2.3,-230602.0,-0.51,1274532.0,2.81,-712958.0,-1.57,-330973.0,-0.73,-479.0,0.845,0.846,402075008.0,340155457,340155457,2026-07-10,2026-07-10 16:11:39+08:00
159233,自由现金流ETF平安,1.118,1.1163,-0.15,0.012,1.08,285875.0,31961955.0,1.107,1.128,1.098,1.106,2.71,6.15,1.04,73.24,163643.0,122232.0,4735644.0,14.82,4847746.0,15.17,-112102.0,-0.35,-1025142.0,-3.21,-3710501.0,-11.61,-1.0,1.118,1.119,464623424.0,519448988,519448988,2026-07-10,2026-07-10 15:34:09+08:00
159170,港股通互联网ETF永赢,0.849,0.8522,0.38,0.009,1.07,1002305.0,85471890.666,0.845,0.866,0.833,0.84,3.93,25.66,0.83,-55.53,519361.0,482944.0,2834680.0,3.32,2295129.0,2.69,539551.0,0.63,-2501913.0,-2.93,-332766.0,-0.39,-516.0,0.849,0.85,390638352.0,331651961,331651961,2026-07-10,2026-07-10 15:34:27+08:00
560120,中证500现金流ETF华夏,1.133,1.1317,-0.11,0.012,1.07,179536.0,20120422.0,1.123,1.141,1.105,1.121,3.21,3.05,1.02,-16.75,98597.0,80939.0,736700.0,3.66,1464371.0,7.28,-727671.0,-3.62,-499332.0,-2.48,-237369.0,-1.18,-10.0,1.133,1.134,587689008.0,665851646,665851646,2026-07-10,2026-07-10 16:11:51+08:00
520600,港股通汽车ETF广发,1.04,1.0352,-0.46,0.011,1.07,1898071.0,197821003.0,1.031,1.057,1.019,1.029,3.69,57.28,0.95,-3.52,1002260.0,895811.0,3500266.0,1.77,-1420601.0,-0.72,4920867.0,2.49,-3082489.0,-1.56,-417777.0,-0.21,-2100.0,1.04,1.041,331368000.0,344622720,344622720,2026-07-10,2026-07-10 16:11:52+08:00
159036,软件开发ETF华宝,0.946,0.9467,0.07,0.01,1.07,188398.0,18038363.427,0.934,0.973,0.92,0.936,5.66,5.63,0.62,-33.07,125653.0,62746.0,332386.0,1.84,1567155.0,8.69,-1234769.0,-6.85,-39524.0,-0.22,-292862.0,-1.62,220.0,0.945,0.946,334740160.0,316664191,316664191,2026-07-10,2026-07-10 15:34:42+08:00
159179,港股通互联网ETF工银,0.852,0.8514,-0.07,0.009,1.07,509425.0,43306163.444,0.843,0.864,0.832,0.843,3.8,48.56,0.97,-35.54,248671.0,260754.0,677494.0,1.56,3660264.0,8.45,-2982770.0,-6.89,-504344.0,-1.16,-173149.0,-0.4,1184.0,0.851,0.852,104903568.0,89377840,89377840,2026-07-10,2026-07-10 15:34:18+08:00
520720,港股汽车ETF国泰,0.763,0.7606,-0.32,0.008,1.06,293326.0,22449591.0,0.758,0.776,0.749,0.755,3.58,22.93,0.68,-5.24,156428.0,136898.0,-79520.0,-0.35,-326999.0,-1.46,247479.0,1.1,82534.0,0.37,-3015.0,-0.01,-7.0,0.763,0.765,127942000.0,97619746,97619746,2026-07-10,2026-07-10 16:11:35+08:00
515970,工程机械ETF华夏,0.859,0.8567,-0.27,0.009,1.06,967752.0,83229117.0,0.847,0.873,0.845,0.85,3.29,10.88,0.82,5.82,502324.0,465428.0,-267059.0,-0.32,2841483.0,3.41,-3108542.0,-3.73,275485.0,0.33,-8425.0,-0.01,-99.0,0.857,0.859,889088000.0,763726592,763726592,2026-07-10,2026-07-10 16:11:37+08:00
159065,工程机械ETF景顺,0.95,0.9499,-0.01,0.01,1.06,53906.0,5135622.276,0.942,0.965,0.936,0.94,3.09,4.27,0.42,-1.64,27730.0,26176.0,735757.0,14.33,1110574.0,21.62,-374817.0,-7.3,-571419.0,-11.13,-164338.0,-3.2,67.0,0.948,0.952,126350818.0,120033277,120033277,2026-07-10,2026-07-10 15:34:45+08:00
513020,港股科技ETF国泰,0.959,0.9484,-1.12,0.01,1.05,2582155.0,249343763.0,0.954,0.977,0.948,0.949,3.06,10.0,1.14,27.49,1322726.0,1259429.0,6658416.0,2.67,2626364.0,1.05,4032052.0,1.62,-4119965.0,-1.65,-2538451.0,-1.02,-4225.0,0.959,0.96,2581145408.0,2475318446,2475318446,2026-07-10,2026-07-10 16:11:38+08:00
159936,可选消费ETF广发,1.92,1.9211,0.06,0.02,1.05,7731.0,1480401.5,1.9,1.94,1.896,1.9,2.32,0.71,0.53,7.83,5202.0,2529.0,1252707.0,84.62,0.0,0.0,1252707.0,84.62,-1254279.0,-84.73,1572.0,0.11,-11.0,1.92,1.926,108156094.0,207659700,207659700,2026-07-10,2026-07-10 15:34:54+08:00
561700,电力ETF博时,1.073,1.0735,0.05,0.011,1.04,74846.0,7995624.0,1.062,1.082,1.054,1.062,2.64,2.1,0.95,-10.09,32340.0,42506.0,56430.0,0.71,1171710.0,14.65,-1115280.0,-13.95,-14655.0,-0.18,-41775.0,-0.52,-255.0,1.073,1.074,356313600.0,382324493,382324493,2026-07-10,2026-07-10 16:11:54+08:00
159192,家电ETF汇添富,0.976,0.9758,-0.02,0.01,1.04,12485.0,1219094.0,0.966,0.988,0.966,0.966,2.28,6.94,0.38,10.55,6630.0,5855.0,209752.0,17.21,0.0,0.0,209752.0,17.21,-193484.0,-15.87,-16269.0,-1.33,27.0,0.971,0.979,17987065.0,17555375,17555375,2026-07-10,2026-07-10 15:34:45+08:00
560480,电力ETF招商,0.874,0.8744,0.05,0.009,1.04,128058.0,11184829.0,0.861,0.88,0.857,0.865,2.66,8.63,1.07,13.1,82906.0,45152.0,528770.0,4.73,-758399.0,-6.78,1287169.0,11.51,-168736.0,-1.51,-360034.0,-3.22,-278.0,0.874,0.875,148303000.0,129616822,129616822,2026-07-10,2026-07-10 16:11:48+08:00
159162,工业有色ETF鹏华,0.787,0.7861,-0.11,0.008,1.03,261270.0,20772427.389,0.778,0.805,0.774,0.779,3.98,5.34,1.4,48.08,119237.0,142033.0,2368639.0,11.4,-1735138.0,-8.35,4103777.0,19.76,-1578046.0,-7.6,-790592.0,-3.81,-1097.0,0.787,0.788,488939840.0,384795654,384795654,2026-07-10,2026-07-10 15:34:18+08:00
159158,电力ETF景顺,0.977,0.976,-0.1,0.01,1.03,325466.0,31698849.032,0.969,0.984,0.958,0.967,2.69,3.08,1.06,42.7,165175.0,160291.0,386122.0,1.22,-165631.0,-0.52,551753.0,1.74,-564448.0,-1.78,178327.0,0.56,241.0,0.976,0.977,1055535344.0,1031258031,1031258031,2026-07-10,2026-07-10 15:34:15+08:00
513990,港股通ETF招商,1.074,1.0752,0.11,0.011,1.03,281576.0,30343971.0,1.072,1.086,1.066,1.063,1.88,34.34,0.74,-9.38,133468.0,148108.0,1990033.0,6.56,-840082.0,-2.77,2830115.0,9.33,-1841064.0,-6.07,-148969.0,-0.49,-1.0,1.073,1.074,82000000.0,88068000,88068000,2026-07-10,2026-07-10 16:11:34+08:00
562580,可选消费ETF华夏,1.083,1.0813,-0.16,0.011,1.03,40677.0,4371647.0,1.07,1.094,1.061,1.072,3.08,11.23,1.07,-5.39,12295.0,28382.0,241724.0,5.53,1535724.0,35.13,-1294000.0,-29.6,-32130.0,-0.73,-209595.0,-4.79,-185.0,1.084,1.086,36223300.0,39229834,39229834,2026-07-10,2026-07-10 16:11:39+08:00
159822,新经济ETF银华,0.591,0.5869,-0.7,0.006,1.03,126924.0,7507177.0,0.589,0.597,0.584,0.585,2.22,3.87,0.98,-45.21,69875.0,57049.0,1007266.0,13.42,1200182.0,15.99,-192916.0,-2.57,-730757.0,-9.73,-276509.0,-3.68,62.0,0.59,0.591,327834320.0,193750083,193750083,2026-07-10,2026-07-10 15:34:03+08:00
560420,食品ETF前海开源,0.882,0.8853,0.37,0.009,1.03,19176.0,1685260.0,0.869,0.889,0.863,0.873,2.98,1.27,0.68,-12.03,10675.0,8501.0,-164320.0,-9.75,0.0,0.0,-164320.0,-9.75,138328.0,8.21,25992.0,1.54,-140.0,0.882,0.886,150780200.0,132988136,132988136,2026-07-10,2026-07-10 16:11:44+08:00
516750,建材ETF富国,0.587,0.5854,-0.27,0.006,1.03,153997.0,9045258.0,0.579,0.592,0.574,0.581,3.1,11.31,1.2,-2.23,64926.0,89071.0,338221.0,3.74,-927011.0,-10.25,1265232.0,13.99,-287477.0,-3.18,-50744.0,-0.56,30.0,0.586,0.587,136167300.0,79930205,79930205,2026-07-10,2026-07-10 16:12:00+08:00
159856,互联网龙头ETF工银,0.592,0.5925,0.08,0.006,1.02,60034.0,3565870.1,0.586,0.601,0.578,0.586,3.92,1.68,0.9,2.81,30573.0,29461.0,200704.0,5.63,0.0,0.0,200704.0,5.63,-284677.0,-7.98,83974.0,2.35,-200.0,0.592,0.593,356372480.0,210972508,210972508,2026-07-10,2026-07-10 15:34:33+08:00
159726,港股通高股息ETF华夏,1.282,1.2813,-0.05,0.013,1.02,106249.0,13579486.2,1.272,1.286,1.269,1.269,1.34,3.94,0.87,-8.0,49472.0,56777.0,173853.0,1.28,-38373.0,-0.28,212226.0,1.56,-218310.0,-1.61,44457.0,0.33,-101.0,1.282,1.284,269911376.0,346026384,346026384,2026-07-10,2026-07-10 15:34:51+08:00
563760,全指现金流ETF中银,1.094,1.0937,-0.03,0.011,1.02,687032.0,75059689.0,1.083,1.107,1.077,1.083,2.77,8.9,0.98,-8.9,384327.0,302705.0,429428.0,0.57,510497.0,0.68,-81069.0,-0.11,-445786.0,-0.59,16357.0,0.02,-100.0,1.092,1.095,771913200.0,844473041,844473041,2026-07-10,2026-07-10 16:11:52+08:00
561260,能源ETF工银,1.199,1.1991,0.01,0.012,1.01,35943.0,4309231.0,1.186,1.21,1.183,1.187,2.27,14.21,0.74,-6.78,22323.0,13620.0,365208.0,8.48,0.0,0.0,365208.0,8.48,-371940.0,-8.63,6732.0,0.16,12.0,1.2,1.201,25295200.0,30328945,30328945,2026-07-10,2026-07-10 16:11:37+08:00
159336,央企红利ETF融通,1.095,1.094,-0.09,0.011,1.01,36159.0,3938029.9,1.084,1.1,1.076,1.084,2.21,0.88,0.56,-35.66,19307.0,16852.0,217478.0,5.52,0.0,0.0,217478.0,5.52,-249528.0,-6.34,32051.0,0.81,1.0,1.093,1.095,408905088.0,447751071,447751071,2026-07-10,2026-07-10 15:34:03+08:00
560970,工业有色ETF平安,0.896,0.8976,0.18,0.009,1.01,35978.0,3254572.0,0.893,0.919,0.884,0.887,3.95,4.49,0.76,-13.41,8971.0,27007.0,255644.0,7.85,0.0,0.0,255644.0,7.85,-253699.0,-7.8,-1945.0,-0.06,-100.0,0.896,0.899,80138000.0,71803648,71803648,2026-07-10,2026-07-10 16:11:58+08:00
561790,央企能源ETF博时,1.202,1.1963,-0.48,0.012,1.01,19480.0,2341152.0,1.19,1.206,1.183,1.19,1.93,3.53,1.36,-2.51,10224.0,9256.0,-68644.0,-2.93,0.0,0.0,-68644.0,-2.93,61425.0,2.62,7219.0,0.31,17.0,1.194,1.199,55134000.0,66271068,66271068,2026-07-10,2026-07-10 16:11:53+08:00
561870,现金流全指ETF华富,1.102,1.1023,0.03,0.011,1.01,23814.0,2619378.0,1.093,1.112,1.087,1.091,2.29,2.19,0.59,2.26,11984.0,11830.0,278341.0,10.63,0.0,0.0,278341.0,10.63,-231417.0,-8.83,-46923.0,-1.79,849.0,1.101,1.106,108765000.0,119859030,119859030,2026-07-10,2026-07-10 16:11:37+08:00
562850,央企能源ETF嘉实,1.207,1.2062,-0.07,0.012,1.0,114738.0,13849231.0,1.183,1.217,1.183,1.195,2.85,5.22,0.93,8.06,68763.0,45975.0,-125215.0,-0.9,13167.0,0.1,-138382.0,-1.0,52573.0,0.38,72642.0,0.52,597.0,1.205,1.206,219981500.0,265517671,265517671,2026-07-10,2026-07-10 16:11:43+08:00
159061,绿色电力ETF南方,0.908,0.9081,0.01,0.009,1.0,82038.0,7450873.939,0.899,0.915,0.891,0.899,2.67,3.52,1.02,-39.68,39734.0,42304.0,797010.0,10.7,1385787.0,18.6,-588777.0,-7.9,-619822.0,-8.32,-177188.0,-2.38,1.0,0.907,0.908,232840230.0,211418929,211418929,2026-07-10,2026-07-10 15:34:00+08:00
159332,央企红利ETF富国,1.113,1.1146,0.14,0.011,1.0,16084.0,1786277.2,1.106,1.117,1.096,1.102,1.91,1.96,0.95,-46.37,13490.0,2594.0,-197325.0,-11.05,677280.0,37.92,-874605.0,-48.96,331653.0,18.57,-134328.0,-7.52,-53.0,1.112,1.115,82021477.0,91289904,91289904,2026-07-10,2026-07-10 15:34:15+08:00
159670,消费50ETF国联安,0.814,0.8158,0.22,0.008,0.99,54988.0,4462125.1,0.806,0.817,0.796,0.806,2.61,9.53,2.82,49.12,26892.0,28096.0,53832.0,1.21,-9142.0,-0.2,62974.0,1.41,20307.0,0.46,-74139.0,-1.66,-50.0,0.815,0.817,57706921.0,46973434,46973434,2026-07-10,2026-07-10 15:34:09+08:00
563770,全指现金流ETF招商,1.117,1.1163,-0.06,0.011,0.99,123318.0,13758967.0,1.116,1.126,1.099,1.106,2.44,40.69,1.24,0.07,56870.0,66448.0,-396688.0,-2.88,-1087056.0,-7.9,690368.0,5.02,367389.0,2.67,29299.0,0.21,2.0,1.115,1.119,30307000.0,33852919,33852919,2026-07-10,2026-07-10 16:11:46+08:00
159913,深价值ETF交银,2.455,2.4232,-1.31,0.024,0.99,1888.0,459872.25,2.441,2.465,2.411,2.431,2.22,0.85,1.4,92.95,1058.0,830.0,0.0,0.0,0.0,0.0,0.0,0.0,61417.0,13.36,-61416.0,-13.36,-108.0,2.43,2.48,22329693.0,54819396,54819396,2026-07-10,2026-07-10 15:34:15+08:00
520530,港股通科技ETF东财,0.82,0.8111,-1.1,0.008,0.99,658428.0,54307270.0,0.818,0.834,0.811,0.812,2.83,26.36,1.15,-14.44,335548.0,322880.0,5421342.0,9.98,3506057.0,6.46,1915285.0,3.53,-4328902.0,-7.97,-1092440.0,-2.01,-1955.0,0.819,0.82,249776000.0,204816320,204816320,2026-07-10,2026-07-10 16:11:52+08:00
159191,港股通科技ETF易方达,0.924,0.9253,0.14,0.009,0.98,89929.0,8326960.2,0.932,0.94,0.909,0.915,3.39,11.82,0.76,-8.49,44178.0,45751.0,537502.0,6.45,34158.0,0.41,503344.0,6.04,-325233.0,-3.91,-212269.0,-2.55,109.0,0.922,0.924,76104851.0,70320882,70320882,2026-07-10,2026-07-10 15:34:45+08:00
159312,恒指港股通ETF广发,1.135,1.1405,0.48,0.011,0.98,72797.0,8271739.9,1.135,1.147,1.126,1.124,1.87,19.56,0.67,-14.19,43168.0,29629.0,650592.0,7.87,748492.0,9.05,-97900.0,-1.18,-284077.0,-3.43,-366515.0,-4.43,-378.0,1.136,1.138,37224353.0,42249641,42249641,2026-07-10,2026-07-10 15:34:48+08:00
560620,公用事业ETF万家,0.934,0.9318,-0.24,0.009,0.97,836.0,77945.0,0.92,0.939,0.92,0.925,2.05,0.32,0.48,7.29,636.0,200.0,-38055.0,-48.82,0.0,0.0,-38055.0,-48.82,46700.0,59.91,-8645.0,-11.09,1.0,0.932,0.934,26367000.0,24626778,24626778,2026-07-10,2026-07-10 16:11:54+08:00
159128,港股科技ETF天弘,0.731,0.7316,0.08,0.007,0.97,1115035.0,81968619.229,0.725,0.743,0.72,0.724,3.18,5.55,0.62,38.43,630508.0,484526.0,2208328.0,2.69,4466258.0,5.45,-2257930.0,-2.75,-1680636.0,-2.05,-527691.0,-0.64,203.0,0.73,0.731,2009760848.0,1469135180,1469135180,2026-07-10,2026-07-10 15:34:06+08:00
159223,现金流ETF永赢,1.052,1.0544,0.23,0.01,0.96,124485.0,13147255.916,1.042,1.064,1.037,1.042,2.59,6.42,1.75,-6.55,34928.0,89557.0,4576280.0,34.81,-186624.0,-1.42,4762904.0,36.23,-4601162.0,-35.0,24883.0,0.19,1.0,1.042,1.052,193844755.0,203924682,203924682,2026-07-10,2026-07-10 15:34:48+08:00
159318,恒指港股通ETF银华,1.26,1.264,0.32,0.012,0.96,16271.0,2048915.1,1.247,1.271,1.247,1.248,1.92,9.24,0.82,2.48,8107.0,8164.0,111294.0,5.43,0.0,0.0,111294.0,5.43,-193380.0,-9.44,82086.0,4.01,-202.0,1.26,1.263,17601647.0,22178075,22178075,2026-07-10,2026-07-10 15:34:03+08:00
159636,港股通科技30ETF工银,0.526,0.5263,0.06,0.005,0.96,11646251.0,613902910.775,0.524,0.534,0.516,0.521,3.45,4.06,0.33,-53.03,5654008.0,5992243.0,-151647.0,-0.02,12852336.0,2.09,-13003983.0,-2.12,-585743.0,-0.1,737397.0,0.12,49507.0,0.525,0.526,28674501120.0,15082787589,15082787589,2026-07-10,2026-07-10 15:34:03+08:00
