代码,名称,最新价,IOPV实时估值,基金折价率,涨跌额,涨跌幅,成交量,成交额,开盘价,最高价,最低价,昨收,振幅,换手率,量比,委比,外盘,内盘,主力净流入-净额,主力净流入-净占比,超大单净流入-净额,超大单净流入-净占比,大单净流入-净额,大单净流入-净占比,中单净流入-净额,中单净流入-净占比,小单净流入-净额,小单净流入-净占比,现手,买一,卖一,最新份额,流通市值,总市值,数据日期,更新时间
589160,科创芯片ETF广发,1.794,1.7463,-2.73,0.171,10.54,364762.0,61834027.0,1.648,1.809,1.62,1.623,11.65,18.21,1.61,-52.75,182909.0,181853.0,805981.0,1.3,-2259840.0,-3.65,3065821.0,4.96,1091293.0,1.76,-1897274.0,-3.07,-5604.0,1.794,1.798,200296000.0,359331024,359331024,2026-07-09,2026-07-09 16:12:00+08:00
589020,科创半导体设备ETF鹏华,3.391,3.3103,-2.44,0.311,10.1,3548608.0,1139823970.0,3.145,3.398,3.093,3.08,9.9,34.58,1.15,83.72,1736346.0,1812262.0,-81153610.0,-7.12,-78518778.0,-6.89,-2634832.0,-0.23,50063785.0,4.39,31089811.0,2.73,-37343.0,3.391,3.392,1026219008.0,3479908656,3479908656,2026-07-09,2026-07-09 16:11:32+08:00
159558,半导体设备ETF易方达,1.546,1.5238,-1.46,0.141,10.04,15837802.0,2327849338.353,1.44,1.546,1.415,1.405,9.32,12.44,2.79,100.0,8185055.0,7652747.0,-100458432.0,-4.32,-164748528.0,-7.08,64290096.0,2.76,88677984.0,3.81,11780448.0,0.51,-38340.0,1.546,,12728563968.0,19678359895,19678359895,2026-07-09,2026-07-09 15:34:36+08:00
562590,半导体设备ETF华夏,1.392,1.371,-1.53,0.127,10.04,8220695.0,1084934770.0,1.289,1.392,1.269,1.265,9.72,11.33,1.65,100.0,3622137.0,4598558.0,83862704.0,7.73,149703760.0,13.8,-65841056.0,-6.07,-42256216.0,-3.89,-41606489.0,-3.83,-21000.0,1.392,,7252988928.0,10096160588,10096160588,2026-07-09,2026-07-09 16:11:45+08:00
159801,芯片ETF广发,1.623,1.6023,-1.29,0.148,10.03,3489285.0,536154570.432,1.498,1.623,1.487,1.475,9.22,8.38,1.23,100.0,1858221.0,1631064.0,64411825.0,12.01,74879126.0,13.97,-10467301.0,-1.95,-18801392.0,-3.51,-45610432.0,-8.51,-8626.0,1.623,,4166120176.0,6761613046,6761613046,2026-07-09,2026-07-09 15:34:54+08:00
516920,芯片ETF汇添富,2.009,1.975,-1.72,0.183,10.02,578315.0,110380798.0,1.85,2.009,1.835,1.826,9.53,12.52,1.31,66.43,343708.0,234607.0,7978846.0,7.23,9303230.0,8.43,-1324384.0,-1.2,2648583.0,2.4,-10627429.0,-9.63,-9686.0,2.008,2.009,461963008.0,928083683,928083683,2026-07-09,2026-07-09 16:11:44+08:00
560780,半导体设备ETF广发,1.461,1.4324,-2.0,0.133,10.02,9400060.0,1301264572.0,1.361,1.461,1.329,1.328,9.94,9.64,0.94,100.0,4553022.0,4847038.0,43661872.0,3.36,10492000.0,0.81,33169872.0,2.55,-2286470.0,-0.18,-41375407.0,-3.18,-30574.0,1.461,,9748487936.0,14242540874,14242540874,2026-07-09,2026-07-09 16:11:47+08:00
159582,半导体ETF博时,5.243,5.14,-2.0,0.477,10.01,360020.0,179210890.0,4.816,5.243,4.767,4.766,9.99,24.47,1.13,100.0,186295.0,173725.0,-10592539.0,-5.91,-1598220.0,-0.89,-8994319.0,-5.02,9384501.0,5.24,1208038.0,0.67,-1019.0,5.243,,147121621.0,771358659,771358659,2026-07-09,2026-07-09 15:34:48+08:00
159516,半导体设备ETF国泰,1.945,1.945,0.0,0.177,10.01,51677053.0,9570656447.678,1.805,1.945,1.777,1.768,9.5,21.03,1.22,100.0,28404708.0,23272344.0,175095712.0,1.83,-293242368.0,-3.06,468338080.0,4.89,35208560.0,0.37,-210304192.0,-2.2,-126410.0,1.945,,24569179904.0,47787054913,47787054913,2026-07-09,2026-07-09 15:34:03+08:00
159325,半导体ETF南方,2.944,2.8918,-1.81,0.268,10.01,966879.0,269042848.109,2.712,2.944,2.688,2.676,9.57,18.02,1.11,100.0,524388.0,442491.0,40908389.0,15.21,27310397.0,10.15,13597992.0,5.05,7375367.0,2.74,-48283756.0,-17.95,-4833.0,2.944,,536460528.0,1579339794,1579339794,2026-07-09,2026-07-09 15:34:51+08:00
159310,芯片ETF天弘,4.037,3.973,-1.61,0.367,10.0,148862.0,57248426.9,3.71,4.037,3.688,3.67,9.51,3.21,1.27,100.0,88130.0,60732.0,6673874.0,11.66,5779710.0,10.1,894164.0,1.56,-1464908.0,-2.56,-5208967.0,-9.1,-1166.0,4.037,,463981088.0,1873091652,1873091652,2026-07-09,2026-07-09 15:34:48+08:00
159560,芯片ETF景顺,3.223,3.1821,-1.29,0.293,10.0,169698.0,51930990.8,2.984,3.223,2.94,2.93,9.66,10.02,1.16,100.0,85789.0,83909.0,6538035.0,12.59,7403171.0,14.26,-865136.0,-1.67,-4144456.0,-7.98,-2393579.0,-4.61,-917.0,3.223,,169416460.0,546029251,546029251,2026-07-09,2026-07-09 15:34:51+08:00
561980,半导体设备ETF招商,0.935,0.9339,-0.12,0.085,10.0,13440942.0,1199221382.0,0.864,0.935,0.853,0.85,9.65,15.9,1.71,100.0,8838633.0,4602309.0,-22739009.0,-1.9,-80375840.0,-6.7,57636831.0,4.81,42027989.0,3.5,-19288973.0,-1.61,-55078.0,0.935,,8455549952.0,7905939205,7905939205,2026-07-09,2026-07-09 16:12:01+08:00
159665,半导体龙头ETF工银,3.399,3.3795,-0.58,0.309,10.0,574610.0,188296596.3,3.153,3.399,3.128,3.09,8.77,29.23,2.29,100.0,311658.0,262952.0,-32075949.0,-17.03,-24005960.0,-12.75,-8069989.0,-4.29,19279982.0,10.24,12795967.0,6.8,-1133.0,3.399,,196576860.0,668164747,668164747,2026-07-09,2026-07-09 15:34:27+08:00
159327,半导体设备ETF万家,4.729,4.6428,-1.86,0.43,10.0,973986.0,434454953.213,4.362,4.729,4.299,4.299,10.0,16.84,1.05,100.0,383954.0,590031.0,14304217.0,3.29,37959050.0,8.74,-23654833.0,-5.44,-10961226.0,-2.52,-3342991.0,-0.77,-6727.0,4.729,,578524704.0,2735843325,2735843325,2026-07-09,2026-07-09 15:34:45+08:00
159813,半导体ETF鹏华,2.081,2.061,-0.97,0.189,9.99,4512010.0,895390692.204,1.934,2.081,1.907,1.892,9.2,11.94,1.24,100.0,2611754.0,1900256.0,96661263.0,10.8,89615455.0,10.01,7045808.0,0.79,-14408954.0,-1.61,-82252298.0,-9.19,-38376.0,2.081,,3777862416.0,7861731688,7861731688,2026-07-09,2026-07-09 15:34:48+08:00
159995,芯片ETF华夏,1.642,1.6189,-1.43,0.149,9.98,12209432.0,1907493867.37,1.518,1.642,1.501,1.493,9.44,5.53,1.65,100.0,6645452.0,5563980.0,346270544.0,18.15,267625904.0,14.03,78644640.0,4.12,-151644576.0,-7.95,-194625982.0,-10.2,-62568.0,1.642,,22086126080.0,36265419023,36265419023,2026-07-09,2026-07-09 15:34:09+08:00
159599,芯片ETF东财,3.972,3.9382,-0.86,0.36,9.97,1212603.0,457490211.457,3.662,3.973,3.63,3.612,9.5,19.25,1.22,60.6,674211.0,538392.0,23072541.0,5.04,4245352.0,0.93,18827189.0,4.12,10228422.0,2.24,-33300964.0,-7.28,-12882.0,3.972,3.973,629822064.0,2501653238,2501653238,2026-07-09,2026-07-09 15:34:09+08:00
516350,芯片ETF易方达,2.338,2.3008,-1.62,0.212,9.97,1682029.0,373763039.0,2.17,2.339,2.138,2.126,9.45,13.28,1.17,25.63,879648.0,802381.0,25139672.0,6.73,42982065.0,11.5,-17842393.0,-4.77,-6009463.0,-1.61,-19130210.0,-5.12,-12507.0,2.337,2.338,1266415296.0,2960878962,2960878962,2026-07-09,2026-07-09 16:12:01+08:00
588710,科创半导体设备ETF华泰柏瑞,4.319,4.203,-2.76,0.391,9.95,4486603.0,1826390721.0,4.012,4.319,3.921,3.928,10.13,24.87,1.09,73.21,2280563.0,2206040.0,-106663424.0,-5.84,-142572672.0,-7.81,35909248.0,1.97,50458704.0,2.76,56204704.0,3.08,-79333.0,4.319,4.32,1804295008.0,7792750140,7792750140,2026-07-09,2026-07-09 16:11:35+08:00
516640,芯片ETF富国,2.051,2.0333,-0.87,0.185,9.91,2640435.0,513777208.0,1.893,2.053,1.876,1.866,9.49,20.06,1.33,29.76,1613691.0,1026744.0,-9561426.0,-1.86,-39942769.0,-7.77,30381343.0,5.91,13978361.0,2.72,-4416934.0,-0.86,-24810.0,2.051,2.052,1316482800.0,2700106223,2700106223,2026-07-09,2026-07-09 16:11:33+08:00
588170,科创半导体ETF华夏,1.397,1.3617,-2.59,0.126,9.91,58046584.0,7640817050.0,1.304,1.397,1.27,1.271,9.99,23.84,1.61,80.32,31624024.0,26422560.0,-740696688.0,-9.69,-1253432368.0,-16.4,512735680.0,6.71,508995392.0,6.66,231701296.0,3.03,-572365.0,1.397,1.398,24345446912.0,34010589336,34010589336,2026-07-09,2026-07-09 16:11:35+08:00
512480,半导体ETF国联安,1.471,1.4494,-1.49,0.132,9.86,18520142.0,2594965472.0,1.362,1.473,1.346,1.339,9.48,10.95,1.32,53.67,10059366.0,8460776.0,225106752.0,8.67,171015600.0,6.59,54091152.0,2.08,-85189040.0,-3.28,-139917696.0,-5.39,-245829.0,1.471,1.472,16910007296.0,24874620732,24874620732,2026-07-09,2026-07-09 16:11:59+08:00
159779,消费电子ETF招商,1.888,1.8619,-1.4,0.169,9.83,172197.0,30639836.4,1.74,1.888,1.728,1.719,9.31,12.14,1.56,68.13,80406.0,91791.0,2287482.0,7.47,6886000.0,22.47,-4598518.0,-15.01,186150.0,0.61,-2473632.0,-8.07,-1902.0,1.888,1.89,141869337.0,267849308,267849308,2026-07-09,2026-07-09 15:34:30+08:00
512760,芯片ETF国泰,1.55,1.5381,-0.77,0.138,9.77,8525589.0,1255856246.0,1.434,1.552,1.42,1.412,9.35,9.55,1.34,0.44,4780401.0,3745188.0,254374234.0,20.26,279065514.0,22.22,-24691280.0,-1.97,-149557182.0,-11.91,-104817055.0,-8.35,-56121.0,1.55,1.551,8929445632.0,13840640730,13840640730,2026-07-09,2026-07-09 16:11:57+08:00
588950,科创50ETF景顺,2.321,2.2688,-2.3,0.201,9.48,419406.0,92367287.0,2.145,2.329,2.122,2.12,9.76,16.46,1.54,60.27,248029.0,171377.0,-11422440.0,-12.37,6883080.0,7.45,-18305520.0,-19.82,7759876.0,8.4,3662564.0,3.97,-13382.0,2.321,2.324,254729700.0,591227634,591227634,2026-07-09,2026-07-09 16:11:39+08:00
588840,科创50ETF万家,2.05,2.0191,-1.53,0.176,9.39,109241.0,21403389.0,1.887,2.05,1.882,1.874,8.96,27.15,1.81,42.22,63207.0,46034.0,-3621458.0,-16.92,1428454.0,6.67,-5049912.0,-23.59,1982654.0,9.26,1638803.0,7.66,-2715.0,2.05,2.052,40236000.0,82483800,82483800,2026-07-09,2026-07-09 16:11:56+08:00
588260,科创信息ETF华安,3.426,3.3914,-1.02,0.294,9.39,47217.0,15571177.0,3.151,3.434,3.151,3.132,9.04,10.79,1.59,-69.81,17605.0,29612.0,-2045370.0,-13.14,3439708.0,22.09,-5485078.0,-35.23,489035.0,3.14,1556335.0,9.99,-148.0,3.426,3.428,43746000.0,149873796,149873796,2026-07-09,2026-07-09 16:11:54+08:00
588770,科创信息ETF摩根,2.48,2.4698,-0.41,0.211,9.3,158356.0,37735943.0,2.328,2.494,2.279,2.269,9.48,4.72,1.17,-27.59,93140.0,65216.0,-6333872.0,-16.78,-1852505.0,-4.91,-4481367.0,-11.88,1027337.0,2.72,5306535.0,14.06,-1428.0,2.478,2.48,335597104.0,832280818,832280818,2026-07-09,2026-07-09 16:11:40+08:00
159546,集成电路ETF国泰,1.108,1.1002,-0.71,0.094,9.27,1530091.0,162406791.861,1.026,1.108,1.018,1.014,8.88,21.86,1.57,76.22,894211.0,635880.0,13019849.0,8.02,5336763.0,3.29,7683086.0,4.73,-4074394.0,-2.51,-8945455.0,-5.51,-13059.0,1.108,1.109,699927824.0,775520029,775520029,2026-07-09,2026-07-09 15:34:27+08:00
588890,科创芯片ETF南方,5.506,5.4559,-0.92,0.466,9.25,425998.0,223009033.0,5.134,5.51,5.05,5.04,9.13,4.63,1.21,-59.03,221720.0,204278.0,-17265467.0,-7.74,11637911.0,5.22,-28903378.0,-12.96,22539802.0,10.11,-5274334.0,-2.37,-4556.0,5.506,5.507,919810000.0,5064473860,5064473860,2026-07-09,2026-07-09 16:11:48+08:00
588200,科创芯片ETF嘉实,4.897,4.8428,-1.12,0.413,9.21,15902751.0,7428280267.0,4.556,4.9,4.488,4.484,9.19,11.84,1.02,68.85,8364132.0,7538618.0,151552496.0,2.04,-20513184.0,-0.28,172065680.0,2.32,52299296.0,0.7,-203851792.0,-2.74,-120516.0,4.897,4.898,13425894912.0,65746607384,65746607384,2026-07-09,2026-07-09 16:11:39+08:00
588100,科创信息ETF嘉实,3.515,3.4821,-0.94,0.296,9.2,83331.0,27997252.0,3.235,3.522,3.232,3.219,9.01,13.83,0.96,-46.36,45758.0,37573.0,-422458.0,-1.51,1484955.0,5.3,-1907413.0,-6.81,1186017.0,4.24,-763558.0,-2.73,-1461.0,3.515,3.521,60248700.0,211774181,211774181,2026-07-09,2026-07-09 16:11:54+08:00
159539,信创ETF广发,2.44,2.3972,-1.79,0.203,9.07,141109.0,32901362.0,2.273,2.457,2.263,2.237,8.67,25.86,2.91,58.76,98858.0,42251.0,1828000.0,5.56,10595900.0,32.21,-8767900.0,-26.65,-975603.0,-2.97,-852398.0,-2.59,-493.0,2.44,2.445,54565182.0,133139044,133139044,2026-07-09,2026-07-09 15:34:39+08:00
159603,科创创业ETF天弘,2.193,2.1288,-3.02,0.182,9.05,67215.0,14025686.3,2.041,2.193,2.011,2.011,9.05,0.28,1.05,39.02,37868.0,29347.0,4225489.0,30.13,5718387.0,40.77,-1492898.0,-10.64,-1802883.0,-12.85,-2422606.0,-17.27,1776.0,2.181,2.193,2402071920.0,5267743721,5267743721,2026-07-09,2026-07-09 15:34:12+08:00
588810,科创芯片ETF富国,3.448,3.4334,-0.43,0.286,9.04,643477.0,211172266.0,3.211,3.448,3.158,3.162,9.17,11.65,1.32,39.6,336817.0,306660.0,3816878.0,1.81,1359575.0,0.64,2457303.0,1.16,4492696.0,2.13,-8309573.0,-3.93,-4676.0,3.447,3.448,552324000.0,1904413152,1904413152,2026-07-09,2026-07-09 16:11:52+08:00
589100,科创芯片ETF国泰,1.255,1.2409,-1.14,0.104,9.04,839191.0,100161415.0,1.168,1.257,1.152,1.151,9.12,9.65,1.28,4.27,443765.0,395426.0,7231721.0,7.22,11951448.0,11.93,-4719727.0,-4.71,-2955269.0,-2.95,-4276453.0,-4.27,-7711.0,1.255,1.256,869442496.0,1091150332,1091150332,2026-07-09,2026-07-09 16:11:34+08:00
588990,科创芯片ETF博时,5.091,5.0384,-1.04,0.421,9.01,173571.0,84031691.0,4.769,5.1,4.664,4.67,9.34,8.6,0.95,39.56,85843.0,87728.0,3350574.0,3.99,5477308.0,6.52,-2126734.0,-2.53,-27441.0,-0.03,-3323133.0,-3.95,-1117.0,5.09,5.092,201745400.0,1027085831,1027085831,2026-07-09,2026-07-09 16:12:00+08:00
588290,科创芯片ETF华安,4.79,4.7342,-1.18,0.396,9.01,1369323.0,622420049.0,4.479,4.79,4.385,4.394,9.22,10.77,1.35,60.95,704762.0,664561.0,24887102.0,4.0,33081662.0,5.32,-8194560.0,-1.32,-14965958.0,-2.4,-9921145.0,-1.59,-5402.0,4.79,4.791,1271397008.0,6089991668,6089991668,2026-07-09,2026-07-09 16:12:00+08:00
588750,科创芯片ETF汇添富,3.262,3.22,-1.3,0.269,8.99,1536452.0,476619357.0,3.015,3.267,2.989,2.993,9.29,5.02,0.64,66.35,772052.0,764400.0,9336775.0,1.96,33175995.0,6.96,-23839220.0,-5.0,-1945808.0,-0.41,-7390967.0,-1.55,-8847.0,3.262,3.263,3058228000.0,9975939736,9975939736,2026-07-09,2026-07-09 16:11:59+08:00
589130,科创芯片ETF易方达,1.934,1.9116,-1.17,0.157,8.84,1664111.0,306071371.0,1.81,1.939,1.773,1.777,9.34,5.72,1.17,37.34,928016.0,736095.0,4317441.0,1.41,-649782.0,-0.21,4967223.0,1.62,3927118.0,1.28,-8244559.0,-2.69,-12403.0,1.934,1.935,2906780000.0,5621712520,5621712520,2026-07-09,2026-07-09 16:11:43+08:00
589190,科创芯片ETF华宝,1.756,1.7536,-0.14,0.142,8.8,653383.0,109128597.0,1.638,1.76,1.614,1.614,9.05,4.52,0.72,-30.04,328608.0,324775.0,-5476452.0,-5.02,-8397916.0,-7.7,2921464.0,2.68,6568991.0,6.02,-1092539.0,-1.0,-3112.0,1.756,1.757,1446781008.0,2540547450,2540547450,2026-07-09,2026-07-09 16:11:33+08:00
159389,数字经济ETF嘉实,2.303,2.2961,-0.3,0.186,8.79,64569.0,14256137.6,2.141,2.303,2.141,2.117,7.65,6.2,0.78,18.93,28440.0,36129.0,1655844.0,11.61,205503.0,1.44,1450341.0,10.17,-2041887.0,-14.32,386041.0,2.71,75.0,2.302,2.306,104093364.0,239727017,239727017,2026-07-09,2026-07-09 15:34:45+08:00
589060,科创综指ETF东财,2.099,2.0607,-1.86,0.169,8.76,31671.0,6363287.0,1.954,2.316,1.936,1.93,19.69,5.1,1.25,16.63,17476.0,14195.0,791681.0,12.44,657816.0,10.34,133865.0,2.1,298769.0,4.7,-1090452.0,-17.14,-613.0,2.056,2.099,62137900.0,130427452,130427452,2026-07-09,2026-07-09 16:11:50+08:00
588080,科创50ETF易方达,2.259,2.231,-1.26,0.181,8.71,16743652.0,3633785128.0,2.102,2.264,2.084,2.078,8.66,8.35,1.72,54.58,9125248.0,7618404.0,80466368.0,2.21,-138180368.0,-3.8,218646736.0,6.02,344082416.0,9.47,-424548799.0,-11.68,-112208.0,2.259,2.26,20053628160.0,45301146013,45301146013,2026-07-09,2026-07-09 16:11:46+08:00
588920,科创芯片ETF鹏华,3.101,3.0918,-0.3,0.248,8.69,291541.0,86147648.0,2.896,3.104,2.85,2.853,8.9,19.98,1.31,32.63,136643.0,154898.0,3394068.0,3.94,975694.0,1.13,2418374.0,2.81,287327.0,0.33,-3681396.0,-4.27,-2244.0,3.101,3.102,145938000.0,452553738,452553738,2026-07-09,2026-07-09 16:11:36+08:00
588050,科创50ETF工银,2.256,2.2325,-1.05,0.18,8.67,2203531.0,476221355.0,2.1,2.261,2.087,2.076,8.38,4.59,0.91,-1.19,1407790.0,795741.0,19521188.0,4.1,20388023.0,4.28,-866835.0,-0.18,5100051.0,1.07,-24621239.0,-5.17,-20720.0,2.256,2.257,4805241344.0,10840624472,10840624472,2026-07-09,2026-07-09 16:12:01+08:00
588870,科创50ETF汇添富,2.245,2.2119,-1.5,0.179,8.66,701420.0,149725687.0,2.078,2.245,2.067,2.066,8.62,22.09,1.26,51.8,386122.0,315298.0,-1130623.0,-0.76,3355472.0,2.24,-4486095.0,-3.0,6858651.0,4.58,-5728027.0,-3.83,-11448.0,2.245,2.246,317552000.0,712904240,712904240,2026-07-09,2026-07-09 16:11:41+08:00
159385,数字经济ETF富国,2.31,2.3032,-0.3,0.184,8.65,135539.0,30487827.3,2.137,2.336,2.137,2.126,9.36,34.75,1.47,-37.05,77097.0,58442.0,-2827797.0,-9.28,-5703582.0,-18.71,2875785.0,9.43,2037564.0,6.68,790234.0,2.59,1005.0,2.309,2.31,39002525.0,90095833,90095833,2026-07-09,2026-07-09 15:34:03+08:00
588150,科创50ETF南方,1.559,1.5401,-1.23,0.124,8.64,391749.0,57832301.0,1.458,1.562,1.439,1.435,8.57,13.54,1.24,-42.16,184077.0,207672.0,425565.0,0.74,2333549.0,4.04,-1907984.0,-3.3,64371.0,0.11,-489936.0,-0.85,-2509.0,1.559,1.56,289432608.0,451225436,451225436,2026-07-09,2026-07-09 16:11:41+08:00
589850,科创50ETF东财,2.1,2.0875,-0.6,0.167,8.64,1176734.0,235666167.0,1.954,2.1,1.934,1.933,8.59,26.8,1.35,96.23,650651.0,526083.0,11332299.0,4.81,-12834302.0,-5.45,24166601.0,10.25,4857591.0,2.06,-16189890.0,-6.87,-17905.0,2.1,2.101,439057008.0,922019717,922019717,2026-07-09,2026-07-09 16:11:58+08:00
561310,UC消电ETF国泰,0.931,0.9257,-0.57,0.074,8.63,217073.0,19257064.0,0.878,0.934,0.857,0.857,8.98,22.65,2.57,25.59,114051.0,103022.0,-1134644.0,-5.89,-1112691.0,-5.78,-21953.0,-0.11,1556077.0,8.08,-421434.0,-2.19,-2661.0,0.931,0.932,95833100.0,89220616,89220616,2026-07-09,2026-07-09 16:11:43+08:00
588280,科创50ETF华安,1.586,1.5713,-0.94,0.126,8.63,492794.0,74586585.0,1.467,1.589,1.467,1.46,8.36,18.11,1.8,-9.99,228681.0,264113.0,2628428.0,3.52,-645893.0,-0.87,3274321.0,4.39,-637323.0,-0.85,-1991105.0,-2.67,-4141.0,1.585,1.586,272121008.0,431583919,431583919,2026-07-09,2026-07-09 16:11:48+08:00
562820,集成电路ETF嘉实,4.108,4.096,-0.29,0.326,8.62,230745.0,91052423.0,3.853,4.112,3.792,3.782,8.46,19.87,1.25,81.68,129128.0,101617.0,5279132.0,5.8,3545593.0,3.89,1733539.0,1.9,-1342429.0,-1.47,-3936703.0,-4.32,-4641.0,4.107,4.108,116136000.0,477086688,477086688,2026-07-09,2026-07-09 16:11:56+08:00
561220,数字经济ETF工银,2.297,2.2883,-0.38,0.182,8.61,64104.0,14120380.0,2.126,2.302,2.126,2.115,8.32,18.82,1.37,-8.17,31857.0,32247.0,735922.0,5.21,-3309926.0,-23.44,4045848.0,28.65,-281181.0,-1.99,-454740.0,-3.22,-1046.0,2.297,2.298,34053000.0,78219741,78219741,2026-07-09,2026-07-09 16:12:01+08:00
588060,科创50ETF广发,1.402,1.3849,-1.23,0.111,8.6,4437684.0,595669199.0,1.305,1.402,1.292,1.291,8.52,8.36,1.23,77.5,2491769.0,1945915.0,40504023.0,6.8,6355024.0,1.07,34148999.0,5.73,-13567446.0,-2.28,-26936577.0,-4.52,-41162.0,1.402,1.403,5311140096.0,7446218415,7446218415,2026-07-09,2026-07-09 16:11:57+08:00
588000,科创50ETF华夏,2.328,2.2997,-1.23,0.183,8.53,45434460.0,10154782886.0,2.166,2.333,2.15,2.145,8.53,14.75,1.2,25.24,24150982.0,21283478.0,337535552.0,3.32,-374262192.0,-3.69,711797744.0,7.01,64037984.0,0.63,-401573456.0,-3.95,-445435.0,2.328,2.329,30800668160.0,71703955476,71703955476,2026-07-09,2026-07-09 16:11:44+08:00
588090,科创50ETF华泰柏瑞,2.264,2.2377,-1.18,0.177,8.48,3799943.0,837546031.0,2.111,2.266,2.09,2.087,8.43,17.16,2.33,6.07,2656727.0,1143216.0,20145223.0,2.41,68481280.0,8.18,-48336057.0,-5.77,-78801.0,-0.01,-20066430.0,-2.4,-7257.0,2.264,2.265,2214072800.0,5012660819,5012660819,2026-07-09,2026-07-09 16:11:44+08:00
588940,科创50ETF富国,2.262,2.2543,-0.34,0.176,8.44,989243.0,214210870.0,2.108,2.262,2.09,2.086,8.25,18.58,1.3,51.69,654213.0,335030.0,-23968641.0,-11.19,-49074960.0,-22.91,25106319.0,11.72,23738376.0,11.08,230265.0,0.11,-5282.0,2.262,2.263,532420000.0,1204334040,1204334040,2026-07-09,2026-07-09 16:11:32+08:00
589150,科创50ETF平安,1.583,1.587,0.25,0.121,8.28,289268.0,43587740.0,1.479,1.586,1.467,1.462,8.14,35.52,1.82,-0.9,181632.0,107636.0,-18817607.0,-43.17,-18425851.0,-42.27,-391756.0,-0.9,19282752.0,44.24,-465145.0,-1.07,-720.0,1.583,1.584,81437200.0,128915088,128915088,2026-07-09,2026-07-09 16:11:58+08:00
588180,科创50ETF国联安,1.427,1.4124,-1.03,0.109,8.27,418152.0,57360261.0,1.321,1.43,1.32,1.318,8.35,6.32,0.93,17.21,186506.0,231646.0,8169258.0,14.24,7313809.0,12.75,855449.0,1.49,-3135098.0,-5.47,-5034160.0,-8.78,-1360.0,1.426,1.427,661353696.0,943751724,943751724,2026-07-09,2026-07-09 16:11:52+08:00
159997,电子ETF天弘,2.726,2.7225,-0.13,0.206,8.17,676619.0,176419849.5,2.554,2.733,2.527,2.52,8.17,10.26,1.17,-86.89,321958.0,354661.0,-26921907.0,-15.26,-8635855.0,-4.9,-18286052.0,-10.37,13272296.0,7.52,13649611.0,7.74,5239.0,2.725,2.726,659306640.0,1797269901,1797269901,2026-07-09,2026-07-09 15:34:12+08:00
515260,电子ETF华宝,1.1,1.0977,-0.21,0.083,8.16,1048311.0,110642312.0,1.029,1.1,1.023,1.017,7.57,11.07,1.09,-1.87,533577.0,514734.0,17109802.0,15.46,23560149.0,21.29,-6450347.0,-5.83,-8353699.0,-7.55,-8756102.0,-7.91,-5603.0,1.099,1.1,946568400.0,1041225240,1041225240,2026-07-09,2026-07-09 16:12:00+08:00
588720,科创50ETF中银,2.195,2.198,0.14,0.165,8.13,59773.0,12548368.0,2.047,2.202,2.035,2.03,8.23,6.48,0.93,24.24,31705.0,28068.0,-1205076.0,-9.6,657221.0,5.24,-1862297.0,-14.84,1292734.0,10.3,-87659.0,-0.7,-650.0,2.195,2.196,92241800.0,202470751,202470751,2026-07-09,2026-07-09 16:11:53+08:00
561100,消费电子ETF富国,2.091,2.0809,-0.49,0.156,8.06,494467.0,99028089.0,1.968,2.092,1.943,1.935,7.7,7.67,0.9,-17.39,266340.0,228127.0,22733393.0,22.96,15527075.0,15.68,7206318.0,7.28,-18685537.0,-18.87,-4047857.0,-4.09,-4271.0,2.091,2.092,644746896.0,1348165760,1348165760,2026-07-09,2026-07-09 16:11:41+08:00
562950,消费电子ETF易方达,2.011,2.0022,-0.44,0.149,8.0,1165409.0,225352560.0,1.88,2.011,1.871,1.862,7.52,10.57,1.27,2.46,478609.0,686799.0,-15564857.0,-6.91,-13105147.0,-5.82,-2459710.0,-1.09,-2867652.0,-1.27,18432508.0,8.18,-4471.0,2.01,2.011,1102258304.0,2216641449,2216641449,2026-07-09,2026-07-09 16:11:58+08:00
588040,科创50ETF鹏华,2.219,2.2164,-0.12,0.164,7.98,159492.0,33958733.0,2.079,2.223,2.056,2.055,8.13,19.48,0.97,8.02,90276.0,69216.0,487863.0,1.44,1652689.0,4.87,-1164826.0,-3.43,730914.0,2.15,-1218777.0,-3.59,-2684.0,2.218,2.219,81889000.0,181711691,181711691,2026-07-09,2026-07-09 16:11:56+08:00
589360,科创50ETF国泰,1.13,1.124,-0.53,0.083,7.93,490681.0,53586756.0,1.05,1.137,1.05,1.047,8.31,23.13,1.02,-1.73,313584.0,177097.0,10766303.0,20.09,13206794.0,24.65,-2440491.0,-4.55,-7846100.0,-14.64,-2920203.0,-5.45,-9734.0,1.13,1.131,212174000.0,239756620,239756620,2026-07-09,2026-07-09 16:11:36+08:00
561600,消费电子ETF平安,1.922,1.9167,-0.28,0.14,7.86,323808.0,59341155.0,1.8,1.926,1.788,1.782,7.74,20.72,0.93,-35.24,124394.0,199414.0,-2672876.0,-4.5,-863419.0,-1.46,-1809457.0,-3.05,5206538.0,8.77,-2533662.0,-4.27,-835.0,1.922,1.923,156274000.0,300358628,300358628,2026-07-09,2026-07-09 16:11:50+08:00
159658,数字经济ETF华安,2.245,2.2382,-0.3,0.162,7.78,100597.0,21688477.4,2.105,2.247,2.098,2.083,7.15,25.22,1.7,18.03,75208.0,25389.0,-147317.0,-0.68,-929216.0,-4.28,781899.0,3.61,775019.0,3.57,-627701.0,-2.89,-69.0,2.245,2.246,39894877.0,89563999,89563999,2026-07-09,2026-07-09 15:34:45+08:00
588450,科创50增强ETF招商,2.722,2.7234,0.05,0.196,7.76,74696.0,19448231.0,2.533,2.726,2.533,2.526,7.64,15.38,1.1,41.96,39287.0,35409.0,3011548.0,15.48,0.0,0.0,3011548.0,15.48,-1702485.0,-8.75,-1309063.0,-6.73,-88.0,2.722,2.723,48568700.0,132204001,132204001,2026-07-09,2026-07-09 16:11:54+08:00
515050,通信ETF华夏,1.282,1.2668,-1.2,0.092,7.73,19355831.0,2389242850.0,1.208,1.282,1.188,1.19,7.9,10.73,1.27,56.46,11171127.0,8184705.0,29073680.0,1.22,24161728.0,1.01,4911952.0,0.21,42078208.0,1.76,-71151888.0,-2.98,-178172.0,1.282,1.283,18031205376.0,23116005292,23116005292,2026-07-09,2026-07-09 16:11:46+08:00
515320,电子50ETF华安,1.981,1.9777,-0.17,0.142,7.72,98861.0,18817007.0,1.86,1.982,1.849,1.839,7.23,12.62,1.09,-61.27,46734.0,52127.0,4167317.0,22.15,1072248.0,5.7,3095069.0,16.45,-2965481.0,-15.76,-1201837.0,-6.39,-196.0,1.981,1.982,78309000.0,155130129,155130129,2026-07-09,2026-07-09 16:11:50+08:00
516050,科技龙头ETF工银,1.748,1.7204,-1.6,0.124,7.64,103417.0,17481538.0,1.62,1.749,1.62,1.624,7.94,6.75,0.8,15.07,66159.0,37258.0,1831974.0,10.48,3506911.0,20.06,-1674937.0,-9.58,-574142.0,-3.28,-1257834.0,-7.2,-3494.0,1.748,1.749,153228000.0,267842544,267842544,2026-07-09,2026-07-09 16:11:41+08:00
159732,消费电子ETF华夏,1.774,1.7492,-1.42,0.125,7.58,4295977.0,729528207.78,1.673,1.774,1.647,1.649,7.7,15.67,0.94,19.71,2296280.0,1999696.0,113466136.0,15.55,119415192.0,16.37,-5949056.0,-0.82,-69323904.0,-9.5,-44142245.0,-6.05,37018.0,1.773,1.774,2741447904.0,4863328582,4863328582,2026-07-09,2026-07-09 15:34:12+08:00
159537,信创ETF国泰,1.212,1.2106,-0.12,0.085,7.54,231225.0,27105390.084,1.142,1.214,1.138,1.127,6.74,14.89,1.66,8.98,123300.0,107925.0,2122516.0,7.83,4060638.0,14.98,-1938122.0,-7.15,-154715.0,-0.57,-1967802.0,-7.26,-2217.0,1.212,1.213,155285204.0,188205667,188205667,2026-07-09,2026-07-09 15:34:36+08:00
159939,信息技术ETF广发,1.408,1.4075,-0.04,0.098,7.48,832501.0,113719092.4,1.325,1.412,1.316,1.31,7.33,10.6,1.2,-61.93,556077.0,276424.0,-34937820.0,-30.72,-39951879.0,-35.13,5014059.0,4.41,16183513.0,14.23,18754308.0,16.49,4340.0,1.407,1.408,785656112.0,1106203806,1106203806,2026-07-09,2026-07-09 15:34:48+08:00
560800,数字经济ETF鹏扬,1.473,1.473,0.0,0.102,7.44,178904.0,25435787.0,1.38,1.48,1.38,1.371,7.29,6.3,1.7,27.22,96105.0,82799.0,530225.0,2.08,2424203.0,9.53,-1893978.0,-7.45,1486073.0,5.84,-2016297.0,-7.93,-2569.0,1.473,1.476,283951104.0,418259976,418259976,2026-07-09,2026-07-09 16:12:00+08:00
159807,科技ETF易方达,1.115,1.114,-0.09,0.077,7.42,868445.0,93408868.848,1.051,1.118,1.05,1.038,6.55,10.28,1.34,11.83,423401.0,445044.0,12588507.0,13.48,3296579.0,3.53,9291928.0,9.95,-7844852.0,-8.4,-4743655.0,-5.08,-12178.0,1.115,1.116,845051424.0,942232338,942232338,2026-07-09,2026-07-09 15:34:42+08:00
515000,科技ETF华宝,1.622,1.6123,-0.6,0.112,7.42,1723382.0,270013913.0,1.531,1.622,1.522,1.51,6.62,6.47,0.83,4.33,970697.0,752684.0,21538643.0,7.98,9505929.0,3.52,12032714.0,4.46,-10824209.0,-4.01,-10714433.0,-3.97,-9253.0,1.622,1.623,2662579296.0,4318703618,4318703618,2026-07-09,2026-07-09 16:11:35+08:00
588460,科创50增强ETF鹏华,2.67,2.6595,-0.39,0.183,7.36,590863.0,151542752.0,2.504,2.672,2.5,2.487,6.92,10.5,1.19,-4.18,405523.0,185340.0,2575534.0,1.7,-7892683.0,-5.21,10468217.0,6.91,3346461.0,2.21,-5921995.0,-3.91,-4602.0,2.67,2.671,562514000.0,1501912380,1501912380,2026-07-09,2026-07-09 16:11:49+08:00
512330,信息科技ETF南方,2.379,2.3671,-0.5,0.163,7.36,120718.0,27180054.0,2.233,2.38,2.211,2.216,7.63,3.38,0.99,73.74,59941.0,60777.0,-1094432.0,-4.03,68194.0,0.25,-1162626.0,-4.28,1580737.0,5.82,-486306.0,-1.79,-878.0,2.379,2.38,356688000.0,848560752,848560752,2026-07-09,2026-07-09 16:11:45+08:00
159540,信创ETF易方达,2.587,2.5527,-1.34,0.175,7.26,320295.0,79539300.1,2.434,2.602,2.43,2.412,7.13,27.26,1.42,-69.72,167650.0,152645.0,92858.0,0.12,11107552.0,13.96,-11014694.0,-13.85,-126732.0,-0.16,33873.0,0.04,1181.0,2.586,2.587,117505191.0,303985929,303985929,2026-07-09,2026-07-09 15:34:21+08:00
517850,张江ETF汇添富,1.596,1.5984,0.15,0.108,7.26,12005.0,1854927.0,1.49,1.601,1.488,1.488,7.59,3.32,1.49,-6.54,7138.0,4867.0,473316.0,25.52,0.0,0.0,473316.0,25.52,-507094.0,-27.34,33778.0,1.82,-16.0,1.596,1.599,36185200.0,57751579,57751579,2026-07-09,2026-07-09 16:12:00+08:00
159311,数字经济ETF易方达,1.868,1.8641,-0.21,0.126,7.23,35674.0,6416706.3,1.749,1.87,1.749,1.742,6.95,10.08,1.75,-17.79,21264.0,14410.0,475379.0,7.41,1889714.0,29.45,-1414335.0,-22.04,-223039.0,-3.48,-252340.0,-3.93,12.0,1.867,1.868,35383993.0,66097299,66097299,2026-07-09,2026-07-09 15:34:36+08:00
589180,科创新材料ETF汇添富,2.288,2.2834,-0.2,0.153,7.17,288098.0,63474373.0,2.159,2.29,2.138,2.135,7.12,23.55,0.82,14.08,154178.0,133920.0,-1659839.0,-2.61,-79652.0,-0.13,-1580187.0,-2.49,2305071.0,3.63,-645232.0,-1.02,-2776.0,2.288,2.289,122318000.0,279863584,279863584,2026-07-09,2026-07-09 16:11:53+08:00
589680,科创综指ETF鹏华,1.923,1.919,-0.21,0.128,7.13,1017720.0,187425117.0,1.807,1.923,1.798,1.795,6.96,10.28,1.19,-40.27,562944.0,454776.0,3321461.0,1.77,24127507.0,12.87,-20806046.0,-11.1,-272401.0,-0.15,-3049060.0,-1.63,-3059.0,1.923,1.924,989943696.0,1903661727,1903661727,2026-07-09,2026-07-09 16:11:44+08:00
560170,央企科技ETF南方,1.494,1.484,-0.67,0.099,7.1,343032.0,49580341.0,1.399,1.497,1.399,1.395,7.03,13.8,0.63,-45.05,196057.0,146975.0,-5695692.0,-11.49,-3322352.0,-6.7,-2373340.0,-4.79,1641814.0,3.31,4053878.0,8.18,-2344.0,1.494,1.495,248495500.0,371252277,371252277,2026-07-09,2026-07-09 16:11:58+08:00
512220,TMTETF景顺,4.866,4.8339,-0.66,0.322,7.09,138169.0,64453921.0,4.6,4.873,4.517,4.544,7.83,6.93,1.28,51.67,46414.0,91755.0,4892158.0,7.59,9992791.0,15.5,-5100633.0,-7.91,-10529081.0,-16.34,5636923.0,8.75,-506.0,4.866,4.87,199467600.0,970609342,970609342,2026-07-09,2026-07-09 16:11:44+08:00
159994,通信ETF银华,1.555,1.5495,-0.35,0.103,7.09,6904218.0,1051411641.673,1.475,1.562,1.453,1.452,7.51,21.54,2.9,45.78,4211367.0,2692851.0,39750305.0,3.78,125017184.0,11.89,-85266879.0,-8.11,-17126816.0,-1.63,-22623492.0,-2.15,-73445.0,1.555,1.556,3205003360.0,4983780225,4983780225,2026-07-09,2026-07-09 15:34:06+08:00
159538,信创ETF富国,2.45,2.4294,-0.85,0.162,7.08,306617.0,71990226.1,2.304,2.473,2.289,2.288,8.04,20.4,1.25,67.28,164916.0,141701.0,-8917677.0,-12.39,-8846906.0,-12.29,-70771.0,-0.1,4692836.0,6.52,4224840.0,5.87,-1514.0,2.45,2.453,150304483.0,368245983,368245983,2026-07-09,2026-07-09 15:34:27+08:00
588020,UC科创成长ETF易方达,1.105,1.1025,-0.23,0.073,7.07,2997168.0,319616739.0,1.048,1.105,1.036,1.032,6.69,19.99,3.97,2.07,1490359.0,1506809.0,-25479429.0,-7.97,-21874470.0,-6.84,-3604959.0,-1.13,6293963.0,1.97,19185465.0,6.0,-7835.0,1.105,1.106,1499373008.0,1656807174,1656807174,2026-07-09,2026-07-09 16:11:36+08:00
588010,科创新材料ETF博时,1.395,1.3897,-0.38,0.092,7.06,2447949.0,330851432.0,1.324,1.396,1.3,1.303,7.37,27.26,0.93,29.16,1242803.0,1205146.0,-5708208.0,-1.73,-21814886.0,-6.59,16106678.0,4.87,8197855.0,2.48,-2489647.0,-0.75,-21469.0,1.394,1.395,897925808.0,1252606502,1252606502,2026-07-09,2026-07-09 16:11:33+08:00
159783,科创创业50ETF华夏,1.4,1.3832,-1.21,0.092,7.03,4089058.0,549893602.663,1.325,1.407,1.312,1.308,7.26,9.22,1.59,77.22,1182802.0,2906255.0,28814885.0,5.24,226980901.0,41.28,-198166016.0,-36.04,-16131852.0,-2.93,-12683038.0,-2.31,-8052.0,1.4,1.401,4432659456.0,6205723238,6205723238,2026-07-09,2026-07-09 15:34:33+08:00
589890,科创综指ETF景顺,1.956,1.9486,-0.38,0.128,7.0,69442.0,13072952.0,1.865,1.958,1.839,1.828,6.51,8.17,1.0,-20.52,49609.0,19833.0,675775.0,5.17,659875.0,5.05,15900.0,0.12,-665680.0,-5.09,-10096.0,-0.08,-74.0,1.954,1.956,84987000.0,166234572,166234572,2026-07-09,2026-07-09 16:11:47+08:00
588160,科创新材料ETF南方,1.424,1.4201,-0.27,0.093,6.99,1052617.0,143110554.0,1.34,1.425,1.33,1.331,7.14,17.74,0.99,-24.17,544898.0,507719.0,-14131905.0,-9.87,-10037537.0,-7.01,-4094368.0,-2.86,13739799.0,9.6,392105.0,0.27,-3063.0,1.423,1.424,593496000.0,845138304,845138304,2026-07-09,2026-07-09 16:11:47+08:00
562560,信息技术ETF华夏,2.875,2.8812,0.22,0.186,6.92,25610.0,7042223.0,2.702,2.883,2.701,2.689,6.77,10.55,1.87,6.78,8342.0,17268.0,438003.0,6.22,3756678.0,53.35,-3318675.0,-47.13,-338310.0,-4.8,-99694.0,-1.42,4.0,2.876,2.878,24265500.0,69763313,69763313,2026-07-09,2026-07-09 16:11:42+08:00
588300,科创创业50ETF招商,1.424,1.4177,-0.44,0.092,6.91,566174.0,77950034.0,1.346,1.424,1.337,1.332,6.53,4.09,0.82,-1.25,375168.0,191006.0,9810352.0,12.59,3755894.0,4.82,6054458.0,7.77,-4590328.0,-5.89,-5220023.0,-6.7,-8085.0,1.423,1.424,1384210496.0,1971115746,1971115746,2026-07-09,2026-07-09 16:11:35+08:00
589600,科创综指ETF富国,1.967,1.9622,-0.24,0.127,6.9,77810.0,14766044.0,1.858,1.967,1.844,1.84,6.68,3.51,1.0,-23.32,52156.0,25654.0,355049.0,2.4,2432965.0,16.48,-2077916.0,-14.07,-61186.0,-0.41,-293863.0,-1.99,-601.0,1.966,1.967,221535000.0,435759345,435759345,2026-07-09,2026-07-09 16:11:33+08:00
589000,科创综指ETF华夏,1.97,1.9631,-0.35,0.127,6.89,907645.0,170854004.0,1.85,1.971,1.843,1.843,6.95,11.41,1.06,-56.64,463461.0,444184.0,4951194.0,2.9,4694741.0,2.75,256453.0,0.15,-1394931.0,-0.82,-3556263.0,-2.08,-853.0,1.97,1.971,795507808.0,1567150382,1567150382,2026-07-09,2026-07-09 16:11:41+08:00
589500,科创综指ETF工银,1.991,1.9877,-0.17,0.128,6.87,61248.0,11690641.0,1.894,1.991,1.881,1.863,5.9,7.65,0.88,-21.79,34897.0,26351.0,100370.0,0.86,0.0,0.0,100370.0,0.86,127210.0,1.09,-227580.0,-1.95,-6.0,1.991,1.994,80064000.0,159407424,159407424,2026-07-09,2026-07-09 16:11:36+08:00
516800,智能制造ETF华宝,1.216,1.2176,0.13,0.078,6.85,196130.0,23190896.0,1.143,1.217,1.142,1.138,6.59,10.76,1.27,3.17,104469.0,91661.0,2099691.0,9.05,0.0,0.0,2099691.0,9.05,-862133.0,-3.72,-1237559.0,-5.34,-322.0,1.214,1.216,182308000.0,221686528,221686528,2026-07-09,2026-07-09 16:11:41+08:00
589290,科创芯片设计ETF汇添富,1.094,1.0905,-0.32,0.07,6.84,266116.0,28212942.0,1.039,1.097,1.02,1.024,7.52,21.49,1.32,3.69,149757.0,116359.0,5594574.0,19.83,15126541.0,53.62,-9531967.0,-33.79,-3563720.0,-12.63,-2030854.0,-7.2,-1575.0,1.094,1.095,123848900.0,135490697,135490697,2026-07-09,2026-07-09 16:11:51+08:00
589630,UC科创综指ETF国泰,0.985,0.9831,-0.19,0.063,6.83,592563.0,55916679.0,0.931,0.987,0.92,0.922,7.27,18.22,4.32,13.97,365043.0,227520.0,588510.0,1.05,11773360.0,21.06,-11184850.0,-20.0,-378272.0,-0.68,-210238.0,-0.38,-5310.0,0.985,0.986,325258000.0,320379130,320379130,2026-07-09,2026-07-09 16:11:37+08:00
159178,消费电子ETF汇添富,1.347,1.3426,-0.33,0.086,6.82,206553.0,26669799.8,1.283,1.347,1.262,1.261,6.74,27.38,1.21,-6.89,117742.0,88811.0,4992793.0,18.72,1295094.0,4.86,3697699.0,13.86,-3714900.0,-13.93,-1277894.0,-4.79,1545.0,1.346,1.347,75432994.0,101608243,101608243,2026-07-09,2026-07-09 15:34:00+08:00
589860,科创综指ETF天弘,1.957,1.9612,0.21,0.125,6.82,198834.0,37332571.0,1.853,1.964,1.84,1.832,6.77,12.26,1.01,12.81,119790.0,79044.0,-1293837.0,-3.47,1933844.0,5.18,-3227681.0,-8.65,628346.0,1.68,665490.0,1.78,-1233.0,1.957,1.963,162224000.0,317472368,317472368,2026-07-09,2026-07-09 16:11:50+08:00
589070,科创芯片设计ETF天弘,1.476,1.4693,-0.46,0.094,6.8,1623140.0,229816031.0,1.4,1.476,1.371,1.382,7.6,9.17,1.4,-14.64,927811.0,695329.0,-2022193.0,-0.88,-16353014.0,-7.12,14330821.0,6.24,5018672.0,2.18,-2996480.0,-1.3,-4919.0,1.476,1.477,1769293008.0,2611476480,2611476480,2026-07-09,2026-07-09 16:11:39+08:00
589080,科创综指ETF汇添富,1.954,1.9508,-0.16,0.124,6.78,299859.0,56345113.0,1.84,1.96,1.834,1.83,6.89,20.96,1.47,24.42,192477.0,107382.0,1065587.0,1.89,15083828.0,26.77,-14018241.0,-24.88,-1176646.0,-2.09,111060.0,0.2,-197.0,1.95,1.954,143061000.0,279541194,279541194,2026-07-09,2026-07-09 16:11:52+08:00
588330,双创50ETF华宝,1.406,1.4019,-0.29,0.089,6.76,1003328.0,136362230.0,1.337,1.406,1.318,1.317,6.68,10.3,1.14,-50.04,588790.0,414538.0,17587119.0,12.9,6341337.0,4.65,11245782.0,8.25,-8767173.0,-6.43,-8819946.0,-6.47,-10420.0,1.406,1.407,973737808.0,1369075358,1369075358,2026-07-09,2026-07-09 16:12:01+08:00
588380,科创创业ETF富国,1.408,1.4043,-0.26,0.089,6.75,1073092.0,146020022.0,1.332,1.411,1.323,1.319,6.67,4.36,1.01,13.97,608708.0,464384.0,13332475.0,9.13,7073973.0,4.84,6258502.0,4.29,-4162515.0,-2.85,-9169960.0,-6.28,-3982.0,1.408,1.409,2462770000.0,3467580160,3467580160,2026-07-09,2026-07-09 16:11:58+08:00
589800,科创综指ETF易方达,1.982,1.9771,-0.25,0.125,6.73,834816.0,160161043.0,1.865,1.99,1.855,1.857,7.27,8.84,1.1,-28.36,510786.0,324029.0,15799744.0,9.86,17140802.0,10.7,-1341058.0,-0.84,-11668099.0,-7.29,-4131645.0,-2.58,-1072.0,1.98,1.982,943988208.0,1870984628,1870984628,2026-07-09,2026-07-09 16:11:50+08:00
563050,央企科技ETF易方达,1.59,1.5843,-0.36,0.1,6.71,70079.0,10867632.0,1.489,1.592,1.489,1.49,6.91,6.99,0.38,3.5,41109.0,28970.0,288337.0,2.65,-64509.0,-0.59,352846.0,3.25,-104985.0,-0.97,-183352.0,-1.69,-395.0,1.587,1.59,100208400.0,159331356,159331356,2026-07-09,2026-07-09 16:11:40+08:00
588780,科创芯片设计ETF国联安,1.354,1.3472,-0.5,0.085,6.7,3915895.0,510026679.0,1.288,1.355,1.26,1.269,7.49,43.32,1.44,7.29,1613581.0,2302314.0,4249699.0,0.83,-4400073.0,-0.86,8649772.0,1.7,4979852.0,0.98,-9229551.0,-1.81,-14424.0,1.354,1.355,903902000.0,1223883308,1223883308,2026-07-09,2026-07-09 16:11:58+08:00
159782,双创50ETF银华,1.386,1.3796,-0.46,0.087,6.7,472007.0,63377297.244,1.31,1.386,1.299,1.299,6.7,9.04,1.42,1.57,337093.0,134914.0,7099023.0,11.2,1354444.0,2.14,5744579.0,9.06,-776045.0,-1.22,-6322978.0,-9.98,2324.0,1.385,1.386,522190272.0,723755717,723755717,2026-07-09,2026-07-09 15:34:09+08:00
588350,科创创业50ETF鹏扬,2.149,2.1321,-0.79,0.135,6.7,58272.0,12150979.0,2.039,2.162,2.027,2.014,6.7,0.91,1.16,4.62,36504.0,21768.0,888211.0,7.31,3610388.0,29.71,-2722177.0,-22.4,370740.0,3.05,-1258951.0,-10.36,-1096.0,2.149,2.156,638546000.0,1372235354,1372235354,2026-07-09,2026-07-09 16:11:48+08:00
589300,科创综指ETF嘉实,2.141,2.1372,-0.18,0.134,6.68,10331.0,2145637.0,2.045,2.144,2.014,2.007,6.48,2.75,0.77,1.91,6520.0,3811.0,-356281.0,-16.6,0.0,0.0,-356281.0,-16.6,497004.0,23.16,-140723.0,-6.56,11.0,2.14,2.142,37582500.0,80464133,80464133,2026-07-09,2026-07-09 16:11:46+08:00
588070,科创成长ETF万家,2.84,2.8461,0.21,0.177,6.65,29433.0,8128508.0,2.7,2.854,2.673,2.663,6.8,12.04,1.37,-30.46,17061.0,12372.0,492248.0,6.06,1526866.0,18.78,-1034618.0,-12.73,-758970.0,-9.34,266722.0,3.28,-1801.0,2.84,2.85,24437000.0,69401080,69401080,2026-07-09,2026-07-09 16:11:46+08:00
589030,科创芯片设计ETF易方达,1.571,1.5659,-0.33,0.098,6.65,1142887.0,172606980.0,1.489,1.573,1.46,1.473,7.67,37.22,1.15,-3.05,413567.0,729320.0,11433729.0,6.62,22414989.0,12.99,-10981260.0,-6.36,-4856448.0,-2.81,-6577281.0,-3.81,-2584.0,1.57,1.571,307077008.0,482417980,482417980,2026-07-09,2026-07-09 16:11:50+08:00
589900,科创综指ETF博时,1.975,1.9797,0.24,0.123,6.64,151463.0,28752749.0,1.869,1.98,1.857,1.852,6.64,9.24,0.8,-8.64,78691.0,72773.0,1422845.0,4.95,1565096.0,5.44,-142251.0,-0.49,-1523245.0,-5.3,100399.0,0.35,-1039.0,1.975,1.979,163908200.0,323718695,323718695,2026-07-09,2026-07-09 16:11:34+08:00
589770,科创综指ETF招商,1.98,1.9854,0.27,0.123,6.62,111722.0,21350483.0,1.875,1.986,1.866,1.857,6.46,7.05,0.77,9.99,72146.0,39576.0,1991554.0,9.33,0.0,0.0,1991554.0,9.33,-1650912.0,-7.73,-340642.0,-1.6,-1218.0,1.98,1.983,158569200.0,313967016,313967016,2026-07-09,2026-07-09 16:12:01+08:00
515880,通信ETF国泰,0.807,0.8043,-0.34,0.05,6.61,91328309.0,7102781938.0,0.768,0.807,0.75,0.757,7.53,13.37,1.58,27.43,52532498.0,38795812.0,211918880.0,2.98,54238896.0,0.76,157679984.0,2.22,-104093856.0,-1.47,-107825024.0,-1.52,-857047.0,0.807,0.808,68297774080.0,55116303683,55116303683,2026-07-09,2026-07-09 16:11:57+08:00
588660,科创创业50ETF兴银,2.308,2.3113,0.14,0.143,6.61,35338.0,7870140.0,2.189,2.311,2.166,2.165,6.7,11.27,1.13,-12.65,20085.0,15253.0,669621.0,8.51,0.0,0.0,669621.0,8.51,-91525.0,-1.16,-578096.0,-7.35,-37.0,2.308,2.31,31344000.0,72341952,72341952,2026-07-09,2026-07-09 16:11:38+08:00
589560,科创人工智能ETF汇添富,1.21,1.2064,-0.3,0.075,6.61,103087.0,12084985.0,1.146,1.212,1.133,1.135,6.96,4.68,1.17,-7.26,60886.0,42201.0,3332165.0,27.57,4426211.0,36.63,-1094046.0,-9.05,-2205745.0,-18.25,-1126421.0,-9.32,-467.0,1.208,1.21,220355000.0,266629550,266629550,2026-07-09,2026-07-09 16:11:38+08:00
588110,科创成长ETF广发,3.238,3.2351,-0.09,0.2,6.58,201466.0,62882143.0,3.084,3.238,3.043,3.038,6.42,11.66,1.02,65.04,99704.0,101762.0,2906203.0,4.62,141436.0,0.22,2764767.0,4.4,-1690858.0,-2.69,-1215345.0,-1.93,-564.0,3.238,3.24,172758000.0,559390404,559390404,2026-07-09,2026-07-09 16:11:52+08:00
589380,科创人工智能ETF富国,1.804,1.7973,-0.37,0.111,6.56,94242.0,16385414.0,1.696,1.806,1.688,1.693,6.97,10.51,1.52,41.39,52406.0,41836.0,1661087.0,10.14,7042892.0,42.98,-5381805.0,-32.85,-545010.0,-3.33,-1116078.0,-6.81,-491.0,1.804,1.805,89694300.0,161808517,161808517,2026-07-09,2026-07-09 16:11:42+08:00
589230,科创人工智能ETF南方,1.09,1.0881,-0.17,0.067,6.55,544032.0,57009650.0,1.033,1.092,1.019,1.023,7.14,25.18,1.32,1.66,327765.0,216267.0,3851584.0,6.76,-94708.0,-0.17,3946292.0,6.92,-2683020.0,-4.71,-1168563.0,-2.05,-1647.0,1.09,1.091,216053000.0,235497770,235497770,2026-07-09,2026-07-09 16:11:59+08:00
588310,科创创业ETF方正富邦,1.482,1.4818,-0.01,0.091,6.54,32561.0,4686346.0,1.404,1.485,1.402,1.391,5.97,10.63,1.63,47.12,20509.0,12052.0,-530277.0,-11.32,-332206.0,-7.09,-198071.0,-4.23,635315.0,13.56,-105038.0,-2.24,-201.0,1.482,1.483,30637500.0,45404775,45404775,2026-07-09,2026-07-09 16:11:57+08:00
589990,科创综指ETF华泰柏瑞,2.036,2.0258,-0.5,0.125,6.54,46940.0,9214717.0,1.93,2.043,1.926,1.911,6.12,4.6,0.84,23.85,25710.0,21230.0,589147.0,6.39,1221804.0,13.26,-632657.0,-6.87,-800532.0,-8.69,211384.0,2.29,-990.0,2.036,2.043,102090000.0,207855240,207855240,2026-07-09,2026-07-09 16:11:53+08:00
588400,科创创业ETF嘉实,1.402,1.3919,-0.73,0.086,6.53,531844.0,72038845.0,1.33,1.408,1.319,1.316,6.76,4.4,1.38,32.11,193691.0,338153.0,11233188.0,15.59,19987728.0,27.75,-8754540.0,-12.15,-6029852.0,-8.37,-5203336.0,-7.22,-3595.0,1.401,1.402,1209600608.0,1695860052,1695860052,2026-07-09,2026-07-09 16:11:52+08:00
589010,科创人工智能ETF华夏,1.782,1.7838,0.1,0.109,6.52,961426.0,163938641.0,1.684,1.783,1.664,1.673,7.11,10.72,0.76,23.25,449727.0,511699.0,5856672.0,3.57,3923667.0,2.39,1933005.0,1.18,-5609787.0,-3.42,-246884.0,-0.15,-486.0,1.781,1.782,896793008.0,1598085140,1598085140,2026-07-09,2026-07-09 16:11:43+08:00
588730,科创人工智能ETF易方达,1.883,1.8767,-0.34,0.115,6.5,1181741.0,213548172.0,1.776,1.886,1.759,1.768,7.18,18.37,0.87,68.59,574874.0,606867.0,5375655.0,2.52,1714859.0,0.8,3660796.0,1.71,5237874.0,2.45,-10613530.0,-4.97,-2038.0,1.882,1.883,643396304.0,1211515240,1211515240,2026-07-09,2026-07-09 16:11:41+08:00
159142,科创创业人工智能ETF景顺,1.525,1.5225,-0.16,0.093,6.49,832814.0,122632393.796,1.45,1.525,1.431,1.432,6.56,8.37,1.04,32.65,474801.0,358013.0,10913212.0,8.9,17936498.0,14.63,-7023286.0,-5.73,-2199980.0,-1.79,-8713232.0,-7.11,-6235.0,1.525,1.526,995260144.0,1517771720,1517771720,2026-07-09,2026-07-09 15:34:39+08:00
159819,人工智能ETF易方达,2.185,2.1777,-0.34,0.133,6.48,5134816.0,1083559059.655,2.08,2.186,2.049,2.052,6.68,4.6,1.32,-41.61,2609588.0,2525228.0,79981984.0,7.38,67305632.0,6.21,12676352.0,1.17,-36755486.0,-3.39,-43226508.0,-3.99,54388.0,2.184,2.185,11173229568.0,24413506606,24413506606,2026-07-09,2026-07-09 15:34:00+08:00
589170,科创芯片设计ETF鹏华,1.479,1.4762,-0.19,0.09,6.48,122789.0,17540592.0,1.408,1.485,1.38,1.389,7.56,9.24,1.04,59.61,79868.0,42921.0,1930389.0,11.01,1890583.0,10.78,39806.0,0.23,-548600.0,-3.13,-1381791.0,-7.88,-1612.0,1.479,1.48,132909000.0,196572411,196572411,2026-07-09,2026-07-09 16:11:46+08:00
588760,科创人工智能ETF广发,0.955,0.9543,-0.07,0.058,6.47,4710118.0,432455031.0,0.905,0.957,0.894,0.897,7.02,22.67,1.25,-7.63,2283358.0,2426760.0,28336360.0,6.55,4395881.0,1.02,23940479.0,5.54,-17233047.0,-3.98,-11103314.0,-2.57,-9442.0,0.955,0.956,2077532000.0,1984043060,1984043060,2026-07-09,2026-07-09 16:11:48+08:00
159811,5GETF博时,3.605,3.5926,-0.35,0.219,6.47,133527.0,46479784.1,3.443,3.605,3.391,3.386,6.32,15.98,0.86,77.45,78386.0,55141.0,3508525.0,7.55,1574946.0,3.39,1933579.0,4.16,-1037213.0,-2.23,-2471312.0,-5.32,-718.0,3.605,3.606,83543393.0,301173932,301173932,2026-07-09,2026-07-09 15:34:45+08:00
159967,创业板成长ETF华夏,0.972,0.9713,-0.07,0.059,6.46,11454368.0,1073853999.628,0.931,0.974,0.905,0.913,7.56,20.74,1.28,17.48,6949793.0,4504575.0,6799015.0,0.63,-39705792.0,-3.7,46504807.0,4.33,1720919.0,0.16,-8519925.0,-0.79,-55484.0,0.972,0.973,5521705728.0,5367097968,5367097968,2026-07-09,2026-07-09 15:34:51+08:00
589210,科创芯片设计ETF广发,1.862,1.8587,-0.18,0.113,6.46,186875.0,33341735.0,1.769,1.864,1.736,1.749,7.32,2.83,0.49,11.81,119793.0,67082.0,490129.0,1.47,-1000560.0,-3.0,1490689.0,4.47,-602059.0,-1.81,111930.0,0.34,-161.0,1.862,1.863,660469008.0,1229793293,1229793293,2026-07-09,2026-07-09 16:11:45+08:00
159248,人工智能ETF万家,2.158,2.1601,0.1,0.131,6.46,149880.0,31395260.2,2.051,2.159,2.024,2.027,6.66,12.91,1.2,-39.37,79321.0,70559.0,134975.0,0.43,3508168.0,11.17,-3373193.0,-10.74,2992598.0,9.53,-3127572.0,-9.96,1291.0,2.157,2.158,116095652.0,250534417,250534417,2026-07-09,2026-07-09 15:34:57+08:00
588670,科创综指增强ETF嘉实,2.216,2.2111,-0.22,0.134,6.44,38714.0,8277680.0,2.102,2.218,2.078,2.082,6.72,9.73,2.0,-32.09,27019.0,11695.0,464607.0,5.61,0.0,0.0,464607.0,5.61,-288979.0,-3.49,-175628.0,-2.12,-54.0,2.213,2.216,39792000.0,88179072,88179072,2026-07-09,2026-07-09 16:11:44+08:00
589660,科创综指ETF南方,1.982,1.9738,-0.42,0.12,6.44,265414.0,50499932.0,1.852,1.983,1.852,1.862,7.04,10.81,0.95,-4.99,150953.0,114461.0,1346958.0,2.67,4761581.0,9.43,-3414623.0,-6.76,-767799.0,-1.52,-579160.0,-1.15,-491.0,1.978,1.982,245530000.0,486640460,486640460,2026-07-09,2026-07-09 16:11:39+08:00
589520,科创人工智能ETF华宝,0.763,0.7623,-0.09,0.046,6.42,804890.0,59254521.0,0.722,0.764,0.714,0.717,6.97,12.03,1.29,-2.55,455850.0,349040.0,9539368.0,16.1,6976401.0,11.77,2562967.0,4.33,-5358570.0,-9.04,-4180798.0,-7.06,-2648.0,0.763,0.764,669104608.0,510526816,510526816,2026-07-09,2026-07-09 16:11:47+08:00
589250,科创芯片设计ETF浦银,1.708,1.7058,-0.13,0.103,6.42,127092.0,20903573.0,1.624,1.712,1.591,1.605,7.54,17.87,1.13,27.31,76902.0,50190.0,233843.0,1.12,1136.0,0.01,232707.0,1.11,1053081.0,5.04,-1286923.0,-6.16,-513.0,1.708,1.709,71101300.0,121441020,121441020,2026-07-09,2026-07-09 16:11:36+08:00
589090,科创AIETF鹏华,1.345,1.3409,-0.31,0.081,6.41,100154.0,13026448.0,1.285,1.346,1.256,1.264,7.12,6.38,1.38,14.73,65257.0,34897.0,4779332.0,36.69,5223064.0,40.1,-443732.0,-3.41,-2774902.0,-21.3,-2004431.0,-15.39,-216.0,1.345,1.346,156931000.0,211072195,211072195,2026-07-09,2026-07-09 16:11:49+08:00
515070,人工智能ETF华夏,1.379,1.3765,-0.18,0.083,6.4,2376912.0,317456072.0,1.309,1.381,1.296,1.296,6.56,3.2,1.44,10.73,1333833.0,1043079.0,26411712.0,8.32,35402424.0,11.15,-8990712.0,-2.83,-13081027.0,-4.12,-13330684.0,-4.2,-9418.0,1.378,1.379,7436940288.0,10255540657,10255540657,2026-07-09,2026-07-09 16:12:01+08:00
588430,科创创业人工智能ETF工银,1.548,1.547,-0.06,0.093,6.39,100294.0,14999881.0,1.468,1.55,1.454,1.455,6.6,10.85,1.13,-23.7,58913.0,41381.0,2582266.0,17.22,976408.0,6.51,1605858.0,10.71,-1626099.0,-10.84,-956167.0,-6.37,-336.0,1.548,1.549,92458000.0,143124984,143124984,2026-07-09,2026-07-09 16:11:48+08:00
588390,科创创业ETF博时,1.505,1.4973,-0.51,0.09,6.36,58102.0,8470781.0,1.429,1.513,1.417,1.415,6.78,4.04,0.86,10.31,26641.0,31461.0,1521132.0,17.96,3335335.0,39.37,-1814203.0,-21.42,-582385.0,-6.88,-938748.0,-11.08,-3100.0,1.505,1.51,143935900.0,216623530,216623530,2026-07-09,2026-07-09 16:11:58+08:00
563560,科技成长ETF兴业,1.459,1.4569,-0.14,0.087,6.34,66155.0,9384798.0,1.385,1.461,1.378,1.372,6.05,11.65,1.0,11.16,39815.0,26340.0,394398.0,4.2,0.0,0.0,394398.0,4.2,-106555.0,-1.14,-287844.0,-3.07,-3875.0,1.459,1.46,56769000.0,82825971,82825971,2026-07-09,2026-07-09 16:11:41+08:00
159153,消费电子ETF鹏华,1.526,1.52,-0.39,0.091,6.34,173166.0,25484132.344,1.459,1.526,1.434,1.435,6.41,17.28,0.86,71.61,98555.0,74611.0,3377232.0,13.25,668928.0,2.62,2708304.0,10.63,-2055072.0,-8.06,-1322160.0,-5.19,-1459.0,1.526,1.527,100225988.0,152944858,152944858,2026-07-09,2026-07-09 15:34:33+08:00
588360,科创创业ETF国泰,1.496,1.4963,0.02,0.089,6.33,154638.0,22343154.0,1.413,1.5,1.41,1.407,6.4,7.64,0.7,61.95,83319.0,71319.0,2547683.0,11.4,0.0,0.0,2547683.0,11.4,-851771.0,-3.81,-1695912.0,-7.59,-564.0,1.495,1.496,202281800.0,302613573,302613573,2026-07-09,2026-07-09 16:11:36+08:00
588790,科创AIETF博时,1.008,1.0076,-0.04,0.06,6.33,5789220.0,561161147.0,0.955,1.01,0.943,0.948,7.07,20.72,1.29,-9.42,2900059.0,2889161.0,33757909.0,6.02,10349270.0,1.84,23408639.0,4.17,-11714844.0,-2.09,-22043064.0,-3.93,-11875.0,1.008,1.009,2794384000.0,2816739072,2816739072,2026-07-09,2026-07-09 16:11:38+08:00
159780,科创创业50ETF南方,1.381,1.3802,-0.06,0.082,6.31,3367862.0,450761575.125,1.315,1.381,1.294,1.299,6.7,10.68,2.15,-26.12,2275307.0,1092555.0,-10084792.0,-2.24,-29240795.0,-6.49,19156003.0,4.25,15449199.0,3.43,-5364407.0,-1.19,5819.0,1.379,1.381,3152048576.0,4352979083,4352979083,2026-07-09,2026-07-09 15:34:36+08:00
589260,科创芯片设计ETF国泰,1.708,1.7116,0.21,0.101,6.29,95047.0,15695460.0,1.627,1.716,1.598,1.607,7.34,17.23,0.88,6.46,48057.0,46990.0,760198.0,4.84,-490597.0,-3.13,1250795.0,7.97,-120938.0,-0.77,-639260.0,-4.07,-470.0,1.708,1.709,55156000.0,94206448,94206448,2026-07-09,2026-07-09 16:11:48+08:00
159909,TMT50ETF招商,1.608,1.6096,0.1,0.095,6.28,76712.0,11928611.6,1.536,1.61,1.514,1.513,6.35,1.56,0.92,-6.55,36251.0,40461.0,700508.0,5.87,1529901.0,12.83,-829393.0,-6.95,77750.0,0.65,-778258.0,-6.52,325.0,1.607,1.608,491562000.0,790431696,790431696,2026-07-09,2026-07-09 15:34:03+08:00
589110,科创人工智能ETF国泰,1.169,1.167,-0.17,0.069,6.27,121705.0,13728810.0,1.1,1.171,1.097,1.1,6.73,2.47,1.11,16.87,73372.0,48333.0,571018.0,4.16,-583355.0,-4.25,1154373.0,8.41,134547.0,0.98,-705564.0,-5.14,-70.0,1.167,1.169,492413008.0,575630806,575630806,2026-07-09,2026-07-09 16:11:32+08:00
589700,科创成长ETF南方,2.756,2.76,0.14,0.162,6.25,17151.0,4587952.0,2.645,2.768,2.602,2.594,6.4,12.0,0.63,0.98,9067.0,8084.0,-367118.0,-8.0,30326.0,0.66,-397444.0,-8.66,625070.0,13.62,-257952.0,-5.62,-262.0,2.756,2.764,14291000.0,39385996,39385996,2026-07-09,2026-07-09 16:11:52+08:00
588420,科创创业人工智能ETF摩根,1.516,1.5144,-0.11,0.089,6.24,200868.0,29457294.0,1.439,1.52,1.427,1.427,6.52,14.81,1.21,-11.29,105448.0,95420.0,1671188.0,5.67,-1765374.0,-5.99,3436562.0,11.67,-1827357.0,-6.2,156171.0,0.53,-951.0,1.515,1.516,135648000.0,205642368,205642368,2026-07-09,2026-07-09 16:11:39+08:00
588550,科创综指增强ETF易方达,1.719,1.7192,0.01,0.101,6.24,39995.0,6609390.0,1.618,1.719,1.614,1.618,6.49,7.23,0.97,-23.52,24593.0,15402.0,759882.0,11.5,612310.0,9.26,147572.0,2.23,-198104.0,-3.0,-561779.0,-8.5,-28.0,1.717,1.719,55290000.0,95043510,95043510,2026-07-09,2026-07-09 16:11:32+08:00
562380,央企科技ETF银华,1.518,1.5099,-0.54,0.089,6.23,61127.0,8967078.0,1.43,1.527,1.43,1.429,6.79,8.47,0.69,-47.57,40230.0,20897.0,-174956.0,-1.95,-82825.0,-0.92,-92131.0,-1.03,262718.0,2.93,-87762.0,-0.98,-4215.0,1.518,1.52,72128900.0,109491670,109491670,2026-07-09,2026-07-09 16:11:43+08:00
588500,科创100增强ETF易方达,3.164,3.166,0.06,0.185,6.21,29428.0,8985765.0,2.989,3.167,2.968,2.979,6.68,8.49,0.56,1.29,17295.0,12133.0,335826.0,3.74,0.0,0.0,335826.0,3.74,-394723.0,-4.39,58898.0,0.66,-114.0,3.16,3.164,34647000.0,109623108,109623108,2026-07-09,2026-07-09 16:11:32+08:00
159583,通信ETF富国,1.95,1.9426,-0.38,0.114,6.21,4659639.0,874825011.348,1.853,1.952,1.815,1.836,7.46,19.69,1.47,56.45,2350875.0,2308764.0,-24379517.0,-2.79,-655981.0,-0.07,-23723536.0,-2.71,6099515.0,0.7,18280002.0,2.09,22177.0,1.949,1.95,2366592896.0,4614856147,4614856147,2026-07-09,2026-07-09 15:34:51+08:00
589050,科创综指ETF兴业,1.713,1.7176,0.27,0.1,6.2,60092.0,9982923.0,1.611,1.718,1.61,1.613,6.7,11.79,1.16,-5.18,30105.0,29987.0,164538.0,1.65,-710949.0,-7.12,875487.0,8.77,77306.0,0.77,-241843.0,-2.42,-43.0,1.716,1.718,50968000.0,87308184,87308184,2026-07-09,2026-07-09 16:12:00+08:00
588850,科创机械ETF嘉实,2.164,2.1619,-0.1,0.126,6.18,124374.0,25812538.0,2.043,2.165,2.022,2.038,7.02,14.33,0.61,-36.55,46928.0,77446.0,2593541.0,10.05,4323217.0,16.75,-1729676.0,-6.7,-543801.0,-2.11,-2049739.0,-7.94,-700.0,2.164,2.165,86779000.0,187789756,187789756,2026-07-09,2026-07-09 16:11:37+08:00
512930,AI人工智能ETF平安,0.774,0.7724,-0.21,0.045,6.17,4645697.0,347337453.0,0.738,0.775,0.728,0.729,6.45,9.77,1.22,10.57,2778953.0,1866744.0,36825339.0,10.6,6674087.0,1.92,30151252.0,8.68,-21902297.0,-6.31,-14923041.0,-4.3,-32417.0,0.773,0.774,4756521216.0,3681547421,3681547421,2026-07-09,2026-07-09 16:11:37+08:00
588220,科创100ETF鹏华,2.171,2.1622,-0.41,0.126,6.16,3656737.0,764343823.0,2.057,2.177,2.034,2.045,6.99,10.77,1.05,-21.22,1963442.0,1693295.0,-43717189.0,-5.72,74923259.0,9.8,-118640448.0,-15.52,33605029.0,4.4,10112165.0,1.32,-15857.0,2.17,2.171,3396697904.0,7374231150,7374231150,2026-07-09,2026-07-09 16:11:34+08:00
588410,科创创业人工智能ETF鹏华,1.516,1.5159,-0.01,0.088,6.16,75344.0,11042116.0,1.441,1.518,1.426,1.428,6.44,7.03,1.23,-28.85,41038.0,34306.0,2040044.0,18.48,1313927.0,11.9,726117.0,6.58,-948061.0,-8.59,-1091982.0,-9.89,-428.0,1.515,1.516,107250000.0,162591000,162591000,2026-07-09,2026-07-09 16:11:51+08:00
588900,科创100ETF南方,2.214,2.2082,-0.26,0.128,6.14,58533.0,12468995.0,2.128,2.214,2.079,2.086,6.47,1.81,0.75,12.74,35560.0,22973.0,1366379.0,10.96,-830770.0,-6.66,2197149.0,17.62,-1038949.0,-8.33,-327431.0,-2.63,-20.0,2.21,2.214,322783008.0,714641580,714641580,2026-07-09,2026-07-09 16:11:34+08:00
159139,科创创业人工智能ETF华泰柏瑞,1.579,1.5783,-0.04,0.091,6.12,347753.0,52970591.22,1.5,1.583,1.485,1.488,6.59,24.82,1.15,32.15,178595.0,169158.0,1922883.0,3.63,1538424.0,2.9,384459.0,0.73,-806936.0,-1.52,-1115947.0,-2.11,554.0,1.577,1.579,140109210.0,221232443,221232443,2026-07-09,2026-07-09 15:34:27+08:00
588120,科创100ETF国泰,1.094,1.0936,-0.04,0.063,6.11,1911492.0,200423097.0,1.05,1.099,1.03,1.031,6.69,19.16,1.86,12.45,800208.0,1111284.0,-6193004.0,-3.09,-4793317.0,-2.39,-1399687.0,-0.7,6997763.0,3.49,-804760.0,-0.4,-3777.0,1.094,1.096,997622000.0,1091398468,1091398468,2026-07-09,2026-07-09 16:11:55+08:00
588510,科创创业人工智能ETF华夏,1.077,1.081,0.37,0.062,6.11,220442.0,23159244.0,1.025,1.079,1.015,1.015,6.31,8.38,1.16,-53.8,150399.0,70043.0,5645170.0,24.38,4097718.0,17.69,1547452.0,6.68,-2728082.0,-11.78,-2917089.0,-12.6,-2852.0,1.076,1.077,263175000.0,283439475,283439475,2026-07-09,2026-07-09 16:11:52+08:00
588930,科创人工智能ETF银华,1.986,1.986,0.0,0.114,6.09,545610.0,103956184.0,1.876,1.996,1.86,1.872,7.26,11.58,1.15,14.72,253757.0,291853.0,2690950.0,2.59,152606.0,0.15,2538344.0,2.44,872566.0,0.84,-3563515.0,-3.43,-1332.0,1.985,1.986,471329008.0,936059410,936059410,2026-07-09,2026-07-09 16:11:45+08:00
159140,科创创业人工智能ETF易方达,1.588,1.588,0.0,0.091,6.08,564297.0,86527099.331,1.51,1.59,1.494,1.497,6.41,12.89,1.07,21.98,309308.0,254989.0,6888218.0,7.96,3286771.0,3.8,3601447.0,4.16,-4064677.0,-4.7,-2823542.0,-3.26,-2081.0,1.588,1.589,437936832.0,695443689,695443689,2026-07-09,2026-07-09 15:34:36+08:00
589420,N科创芯片设计ETF永赢,1.049,1.0528,0.36,0.06,6.07,1128903.0,115837295.0,0.999,1.069,0.995,0.989,7.48,48.98,,30.63,644774.0,484129.0,15671797.0,13.53,28010061.0,24.18,-12338264.0,-10.65,-14335942.0,-12.38,-1335855.0,-1.15,-5873.0,1.049,1.05,230481489.0,241775082,241775082,2026-07-09,2026-07-09 16:11:47+08:00
560990,科技先锋ETF中金,1.328,1.3258,-0.17,0.076,6.07,18704.0,2436118.0,1.252,1.333,1.252,1.252,6.47,14.18,1.59,-0.04,8685.0,10019.0,434521.0,17.84,-753165.0,-30.92,1187686.0,48.75,-392340.0,-16.11,-42181.0,-1.73,-20.0,1.328,1.332,13187100.0,17512469,17512469,2026-07-09,2026-07-09 16:11:34+08:00
588800,科创100ETF华夏,2.144,2.1364,-0.36,0.122,6.03,2008546.0,415345424.0,2.042,2.144,2.01,2.022,6.63,12.67,1.26,-36.22,1129512.0,879034.0,5066854.0,1.22,-4982726.0,-1.2,10049580.0,2.42,-4293455.0,-1.03,-773392.0,-0.19,-3726.0,2.142,2.144,1584877008.0,3397976305,3397976305,2026-07-09,2026-07-09 16:11:55+08:00
589950,科创100ETF富国,1.615,1.6103,-0.29,0.091,5.97,28798.0,4510450.0,1.526,1.616,1.519,1.524,6.36,0.92,0.67,-1.32,16471.0,12327.0,-78040.0,-1.73,10766.0,0.24,-88806.0,-1.97,49371.0,1.09,28670.0,0.64,-215.0,1.615,1.616,312873008.0,505289908,505289908,2026-07-09,2026-07-09 16:11:43+08:00
159012,科创创业50ETF鹏华,1.138,1.1374,-0.05,0.064,5.96,91490.0,10076349.969,1.086,1.138,1.074,1.074,5.96,11.75,1.05,-2.87,57464.0,34026.0,1203991.0,11.95,4169.0,0.04,1199822.0,11.91,-822308.0,-8.16,-381683.0,-3.79,2133.0,1.137,1.138,77881148.0,88628746,88628746,2026-07-09,2026-07-09 15:34:36+08:00
588030,科创100ETF博时,2.17,2.1682,-0.08,0.122,5.96,1499914.0,313538479.0,2.055,2.173,2.04,2.048,6.49,6.21,1.26,-10.38,863813.0,636101.0,-2802989.0,-0.89,3829270.0,1.22,-6632259.0,-2.12,4576986.0,1.46,-1773997.0,-0.57,-10342.0,2.17,2.171,2414838096.0,5240198668,5240198668,2026-07-09,2026-07-09 16:11:48+08:00
588370,科创50增强ETF南方,2.278,2.2623,-0.69,0.128,5.95,94784.0,20722400.0,2.152,2.3,2.121,2.15,8.33,16.27,1.67,9.84,56692.0,38092.0,-4931841.0,-23.8,-7301331.0,-35.23,2369490.0,11.43,2059410.0,9.94,2872430.0,13.86,-352.0,2.275,2.278,58272000.0,132743616,132743616,2026-07-09,2026-07-09 16:11:32+08:00
588190,科创100ETF银华,2.155,2.1476,-0.34,0.121,5.95,758239.0,156995422.0,2.038,2.156,2.021,2.034,6.64,5.26,0.82,-35.28,408544.0,349695.0,-5019009.0,-3.2,2913929.0,1.86,-7932938.0,-5.05,7726208.0,4.92,-2707199.0,-1.72,-2538.0,2.154,2.155,1441618304.0,3106687445,3106687445,2026-07-09,2026-07-09 16:11:38+08:00
588470,科创创业人工智能ETF华安,1.07,1.0694,-0.06,0.06,5.94,455384.0,47413177.0,1.012,1.072,1.008,1.01,6.34,17.13,1.02,9.01,274199.0,181185.0,6719211.0,14.17,9097683.0,19.19,-2378472.0,-5.02,-4287116.0,-9.04,-2432093.0,-5.13,-1985.0,1.069,1.07,265907000.0,284520490,284520490,2026-07-09,2026-07-09 16:11:34+08:00
589880,科创综指ETF建信,1.95,1.9527,0.14,0.109,5.92,221262.0,41799165.0,1.85,1.961,1.84,1.841,6.57,4.71,0.69,62.44,129430.0,91832.0,3732946.0,8.93,5118218.0,12.24,-1385272.0,-3.31,-2547069.0,-6.09,-1185877.0,-2.84,-1253.0,1.95,1.953,469996000.0,916492200,916492200,2026-07-09,2026-07-09 16:11:55+08:00
515980,人工智能ETF华富,1.255,1.258,0.24,0.07,5.91,3176285.0,388311975.0,1.199,1.257,1.183,1.185,6.24,5.53,1.1,-22.1,1708916.0,1467369.0,57284062.0,14.75,51623723.0,13.29,5660339.0,1.46,-23558864.0,-6.07,-33725198.0,-8.69,-19288.0,1.254,1.255,5741128960.0,7205116845,7205116845,2026-07-09,2026-07-09 16:11:56+08:00
589350,科创芯片设计ETF银华,1.058,1.0584,0.04,0.059,5.91,369449.0,37854092.0,1.002,1.063,0.99,0.999,7.31,21.7,1.37,-1.83,207775.0,161674.0,8890786.0,23.49,16056624.0,42.42,-7165838.0,-18.93,-5703335.0,-15.07,-3187451.0,-8.42,-2697.0,1.057,1.058,170281500.0,180157827,180157827,2026-07-09,2026-07-09 16:11:58+08:00
159781,科创创业ETF易方达,1.383,1.3785,-0.33,0.077,5.9,5050577.0,678349224.108,1.317,1.391,1.3,1.306,6.97,4.02,0.77,18.46,2651192.0,2399385.0,-13530192.0,-1.99,-30264381.0,-4.46,16734189.0,2.47,24248824.0,3.57,-10718633.0,-1.58,44372.0,1.382,1.383,12556860416.0,17366137955,17366137955,2026-07-09,2026-07-09 15:34:39+08:00
588980,科创100ETF广发,1.959,1.9599,0.05,0.109,5.89,20011.0,3769377.0,1.85,1.961,1.842,1.85,6.43,16.79,1.26,0.24,12721.0,7290.0,76383.0,2.03,0.0,0.0,76383.0,2.03,65408.0,1.74,-141791.0,-3.76,60.0,1.959,1.965,11920000.0,23351280,23351280,2026-07-09,2026-07-09 16:11:47+08:00
159709,物联网ETF工银,2.023,2.0196,-0.17,0.112,5.86,1606.0,316627.0,1.941,2.023,1.927,1.911,5.02,0.71,0.35,67.89,1194.0,412.0,-6393.0,-2.02,3312.0,1.05,-9705.0,-3.07,2357.0,0.74,4035.0,1.27,1.0,2.018,2.023,22484060.0,45485253,45485253,2026-07-09,2026-07-09 15:34:00+08:00
159141,科创创业人工智能ETF永赢,1.499,1.498,-0.07,0.083,5.86,1322406.0,191446741.84,1.427,1.507,1.408,1.416,6.99,10.26,1.77,57.54,706424.0,615982.0,4326486.0,2.26,15935319.0,8.32,-11608833.0,-6.06,18091001.0,9.45,-22417488.0,-11.71,-1525.0,1.499,1.5,1289060736.0,1932302043,1932302043,2026-07-09,2026-07-09 15:34:15+08:00
588320,双创50增强ETF广发,2.175,2.1665,-0.39,0.12,5.84,89212.0,18789126.0,2.1,2.177,2.051,2.055,6.13,15.7,1.18,-22.35,51757.0,37455.0,324560.0,1.73,-1347682.0,-7.17,1672242.0,8.9,763037.0,4.06,-1087596.0,-5.79,-1358.0,2.174,2.175,56824600.0,123593505,123593505,2026-07-09,2026-07-09 16:11:41+08:00
589980,科创100ETF汇添富,2.224,2.2237,-0.01,0.122,5.8,24547.0,5263871.0,2.165,2.228,2.09,2.102,6.57,1.99,1.01,-9.45,14190.0,10357.0,67630.0,1.28,-1060500.0,-20.15,1128130.0,21.43,-152846.0,-2.9,85216.0,1.62,-2.0,2.226,2.228,123122000.0,273823328,273823328,2026-07-09,2026-07-09 16:11:48+08:00
159022,科创创业人工智能ETF富国,1.261,1.2638,0.22,0.069,5.79,312436.0,38389548.001,1.205,1.265,1.189,1.192,6.38,18.86,1.28,11.13,170317.0,142119.0,83156.0,0.22,3447459.0,8.98,-3364303.0,-8.76,2719728.0,7.08,-2802883.0,-7.3,-2158.0,1.261,1.262,165630967.0,208860649,208860649,2026-07-09,2026-07-09 15:34:42+08:00
589400,N科创芯片设计ETF富国,1.042,1.0491,0.68,0.057,5.79,1341947.0,136397340.0,1.0,1.048,0.98,0.985,6.9,37.3,,70.24,960028.0,381920.0,17756702.0,13.02,40146595.0,29.43,-22389893.0,-16.42,-15229834.0,-11.17,-2526868.0,-1.85,-19230.0,1.042,1.043,359785200.0,374896178,374896178,2026-07-09,2026-07-09 16:11:56+08:00
588210,科创100ETF易方达,2.167,2.1637,-0.15,0.116,5.66,95532.0,19942527.0,2.096,2.171,2.036,2.051,6.58,5.59,1.23,-40.21,52704.0,42828.0,-1316355.0,-6.6,-125073.0,-0.63,-1191282.0,-5.97,981019.0,4.92,335336.0,1.68,-489.0,2.166,2.167,170754000.0,370023918,370023918,2026-07-09,2026-07-09 16:11:47+08:00
589310,科创人工智能ETF鑫元,1.045,1.0466,0.15,0.056,5.66,453757.0,46342902.0,0.987,1.048,0.983,0.989,6.57,13.81,1.3,-44.69,286213.0,167544.0,8362113.0,18.04,11754627.0,25.36,-3392514.0,-7.32,-6509038.0,-14.05,-1853074.0,-4.0,-615.0,1.043,1.045,328491808.0,343273939,343273939,2026-07-09,2026-07-09 16:11:42+08:00
588880,科创100ETF华泰柏瑞,2.132,2.1317,-0.01,0.114,5.65,52550.0,10855188.0,2.038,2.137,2.008,2.018,6.39,5.45,0.71,24.96,32695.0,19855.0,107422.0,0.99,0.0,0.0,107422.0,0.99,102990.0,0.95,-210412.0,-1.94,-252.0,2.132,2.136,96368000.0,205456576,205456576,2026-07-09,2026-07-09 16:11:41+08:00
159259,成长ETF易方达,1.649,1.6193,-1.83,0.088,5.64,3306509.0,523749355.636,1.577,1.652,1.537,1.561,7.37,10.15,0.88,18.02,1483750.0,1822759.0,-3910608.0,-0.75,67799035.0,12.94,-71709643.0,-13.69,18656768.0,3.56,-14746159.0,-2.82,-11793.0,1.649,1.65,3257696400.0,5371941364,5371941364,2026-07-09,2026-07-09 15:34:00+08:00
510770,G60创新ETF申万菱信,1.126,1.1186,-0.66,0.06,5.63,63926.0,6882157.0,1.066,1.126,1.053,1.066,6.85,21.96,0.89,20.97,29648.0,34278.0,-1535617.0,-22.31,-221672.0,-3.22,-1313945.0,-19.09,-89706.0,-1.3,1625323.0,23.62,-430.0,1.126,1.127,29110700.0,32778648,32778648,2026-07-09,2026-07-09 16:11:41+08:00
589580,科创综指ETF兴银,1.954,1.9485,-0.28,0.104,5.62,4524.0,871337.0,1.84,1.955,1.84,1.85,6.22,4.37,1.33,-20.7,1232.0,3292.0,146491.0,16.81,0.0,0.0,146491.0,16.81,-25284.0,-2.9,-121208.0,-13.91,-14.0,1.954,1.959,10354800.0,20233279,20233279,2026-07-09,2026-07-09 16:11:34+08:00
589270,科创100ETF前海开源,1.363,1.3672,0.31,0.072,5.58,38761.0,5093847.0,1.291,1.368,1.281,1.291,6.74,14.09,1.36,19.96,21968.0,16793.0,-450979.0,-8.85,646779.0,12.7,-1097758.0,-21.55,416297.0,8.17,34681.0,0.68,-1660.0,1.363,1.365,27516600.0,37505126,37505126,2026-07-09,2026-07-09 16:11:58+08:00
588520,科创增强ETF永赢,1.669,1.6678,-0.07,0.088,5.57,72269.0,11759767.0,1.596,1.678,1.569,1.581,6.89,55.78,2.04,30.6,54011.0,18258.0,252577.0,2.15,6313729.0,53.69,-6061152.0,-51.54,-60494.0,-0.51,-192083.0,-1.63,-37.0,1.669,1.673,12957000.0,21625233,21625233,2026-07-09,2026-07-09 16:11:54+08:00
513310,中韩半导体ETF华泰柏瑞,6.15,5.3255,-15.48,0.319,5.47,33043117.0,19893029212.0,6.035,6.234,5.875,5.831,6.16,142.65,1.49,74.53,16738563.0,16304554.0,291400896.0,1.46,12831168.0,0.06,278569728.0,1.4,-208753920.0,-1.05,-82646816.0,-0.42,-226023.0,6.15,6.151,2316427008.0,14246026099,14246026099,2026-07-09,2026-07-09 16:11:38+08:00
159786,VRETF银华,1.39,1.3847,-0.38,0.071,5.38,220632.0,29575318.0,1.326,1.39,1.312,1.319,5.91,23.05,0.96,31.92,105596.0,115036.0,2176175.0,7.36,3410705.0,11.53,-1234530.0,-4.17,-618271.0,-2.09,-1557905.0,-5.27,1638.0,1.389,1.39,95701174.0,133024632,133024632,2026-07-09,2026-07-09 15:34:42+08:00
512770,战略新兴ETF华夏,3.096,3.0763,-0.64,0.158,5.38,21012.0,6336094.0,2.936,3.105,2.936,2.938,5.75,2.11,0.57,90.53,10789.0,10223.0,276004.0,4.36,-349972.0,-5.52,625976.0,9.88,-336326.0,-5.31,60322.0,0.95,-1313.0,3.096,3.103,99767800.0,308881109,308881109,2026-07-09,2026-07-09 16:11:48+08:00
561460,人工智能ETF天弘,1.0,1.004,0.4,0.051,5.37,614738.0,60319904.0,0.985,1.002,0.943,0.949,6.22,16.24,1.96,-87.34,316685.0,298053.0,17012202.0,28.2,23773808.0,39.41,-6761606.0,-11.21,-15419328.0,-25.56,-1592874.0,-2.64,-4877.0,0.999,1.0,378520000.0,378520000,378520000,2026-07-09,2026-07-09 16:11:46+08:00
588690,科创增强ETF银华,1.481,1.4809,-0.01,0.075,5.33,14039.0,2029310.0,1.42,1.482,1.4,1.406,5.83,2.95,0.7,-16.86,6762.0,7277.0,105745.0,5.21,0.0,0.0,105745.0,5.21,43545.0,2.15,-149290.0,-7.36,74.0,1.472,1.473,47636000.0,70548916,70548916,2026-07-09,2026-07-09 16:11:55+08:00
563210,专精特新ETF富国,2.569,2.5552,-0.54,0.13,5.33,159896.0,39676346.0,2.439,2.57,2.409,2.439,6.6,15.08,1.23,-9.15,93773.0,66123.0,925492.0,2.33,3266658.0,8.23,-2341166.0,-5.9,189243.0,0.48,-1114735.0,-2.81,-1279.0,2.568,2.569,106067000.0,272486123,272486123,2026-07-09,2026-07-09 16:11:43+08:00
513240,港股通信息技术ETF华安,1.129,1.1278,-0.11,0.057,5.32,3534699.0,393169164.0,1.101,1.13,1.092,1.072,3.54,408.65,1.85,14.45,1825606.0,1709093.0,6837122.0,1.74,770078.0,0.2,6067044.0,1.54,-5656800.0,-1.44,-1180323.0,-0.3,-5644.0,1.129,1.13,86496000.0,97653984,97653984,2026-07-09,2026-07-09 16:11:56+08:00
516330,物联网ETF华泰柏瑞,1.899,1.9049,0.31,0.096,5.32,4283.0,791044.0,1.803,1.9,1.803,1.803,5.38,8.79,0.41,15.12,3406.0,877.0,-21062.0,-2.66,0.0,0.0,-21062.0,-2.66,4875.0,0.62,16187.0,2.05,-10.0,1.902,1.905,4871300.0,9250599,9250599,2026-07-09,2026-07-09 16:11:51+08:00
516260,物联网ETF华夏,1.666,1.6671,0.07,0.084,5.31,24552.0,3977936.0,1.594,1.668,1.587,1.582,5.12,5.35,1.47,18.78,14940.0,9612.0,-180306.0,-4.53,-789519.0,-19.85,609213.0,15.31,330058.0,8.3,-149752.0,-3.76,-18.0,1.664,1.666,45882600.0,76440412,76440412,2026-07-09,2026-07-09 16:11:44+08:00
159895,物联网ETF易方达,1.676,1.6762,0.01,0.084,5.28,20401.0,3300734.714,1.609,1.678,1.596,1.592,5.15,2.9,0.91,79.98,8552.0,11849.0,-33246.0,-1.01,-232162.0,-7.03,198916.0,6.03,98831.0,2.99,-65585.0,-1.99,-35.0,1.676,1.678,70241864.0,117725364,117725364,2026-07-09,2026-07-09 15:34:06+08:00
159701,物联网ETF招商,1.539,1.5433,0.28,0.077,5.27,21192.0,3202035.1,1.476,1.539,1.474,1.462,4.45,31.6,1.15,70.69,11785.0,9407.0,53124.0,1.66,0.0,0.0,53124.0,1.66,-16376.0,-0.51,-36749.0,-1.15,-1.0,1.539,1.542,6705601.0,10319920,10319920,2026-07-09,2026-07-09 15:34:00+08:00
159695,通信ETF嘉实,3.286,3.2872,0.04,0.164,5.25,327097.0,103818693.2,3.155,3.3,3.077,3.122,7.14,10.26,1.11,69.0,164149.0,162948.0,2470885.0,2.38,7391174.0,7.12,-4920289.0,-4.74,2067777.0,1.99,-4538662.0,-4.37,-2659.0,3.286,3.287,318812080.0,1047616495,1047616495,2026-07-09,2026-07-09 15:34:45+08:00
526050,港股通信息技术ETF招商,1.182,1.1852,0.27,0.059,5.25,3905030.0,456223523.0,1.149,1.187,1.145,1.123,3.74,701.96,2.75,-5.36,2042845.0,1862185.0,-2345170.0,-0.51,-10641454.0,-2.33,8296284.0,1.82,-188349.0,-0.04,2533518.0,0.56,-5348.0,1.182,1.183,55630000.0,65754660,65754660,2026-07-09,2026-07-09 16:11:45+08:00
159198,港股通信息技术ETF富国,1.369,1.3675,-0.11,0.068,5.23,2661215.0,358345383.149,1.33,1.37,1.321,1.301,3.77,301.23,1.59,-13.59,1372459.0,1288756.0,8961824.0,2.5,2126485.0,0.59,6835339.0,1.91,-15411300.0,-4.3,6449476.0,1.8,5906.0,1.368,1.369,88344347.0,120943411,120943411,2026-07-09,2026-07-09 15:34:09+08:00
159896,物联网ETF南方,1.554,1.5578,0.24,0.076,5.14,23210.0,3481296.442,1.494,1.558,1.483,1.478,5.07,6.82,1.13,58.29,10121.0,13089.0,-94510.0,-2.71,-444836.0,-12.78,350326.0,10.06,182694.0,5.25,-88185.0,-2.53,-1.0,1.555,1.558,34055960.0,52922962,52922962,2026-07-09,2026-07-09 15:34:33+08:00
159949,创业板50ETF华安,1.926,1.9242,-0.09,0.094,5.13,15795403.0,2953647500.623,1.853,1.926,1.817,1.832,5.95,13.59,1.3,39.58,8311670.0,7483733.0,175735248.0,5.95,252010032.0,8.53,-76274784.0,-2.58,-30097616.0,-1.02,-145637615.0,-4.93,76941.0,1.925,1.926,11619785216.0,22379706326,22379706326,2026-07-09,2026-07-09 15:34:54+08:00
159388,创业板人工智能ETF国泰,1.188,1.188,0.0,0.058,5.13,1427490.0,164414586.7,1.143,1.191,1.124,1.13,5.93,16.58,0.91,6.05,777977.0,649514.0,2765849.0,1.68,-2276232.0,-1.38,5042081.0,3.07,-1317530.0,-0.8,-1448319.0,-0.88,-3020.0,1.188,1.189,860736992.0,1022555546,1022555546,2026-07-09,2026-07-09 15:34:42+08:00
588680,科创100增强ETF广发,3.016,3.0177,0.06,0.147,5.12,13293.0,3891609.0,2.897,3.021,2.85,2.869,5.96,4.11,1.33,1.1,9442.0,3851.0,-136544.0,-3.51,0.0,0.0,-136544.0,-3.51,-703259.0,-18.07,839803.0,21.58,-56.0,3.016,3.021,32361000.0,97600776,97600776,2026-07-09,2026-07-09 16:11:45+08:00
159372,创业板50ETF万家,2.158,2.1476,-0.48,0.105,5.11,32677.0,6811913.0,2.051,2.158,2.035,2.053,5.99,6.23,1.84,29.21,21980.0,10697.0,-950240.0,-13.95,-1646915.0,-24.18,696675.0,10.23,88654.0,1.3,861585.0,12.65,-1533.0,2.158,2.159,52451588.0,113190527,113190527,2026-07-09,2026-07-09 15:34:21+08:00
159511,通信ETF南方,2.673,2.6743,0.05,0.129,5.07,122148.0,31791471.9,2.567,2.679,2.534,2.544,5.7,8.15,1.03,42.62,63986.0,58162.0,2438386.0,7.67,1195741.0,3.76,1242645.0,3.91,-1086163.0,-3.42,-1352223.0,-4.25,369.0,2.672,2.673,149944573.0,400801844,400801844,2026-07-09,2026-07-09 15:34:24+08:00
159906,深成长ETF大成,2.112,2.1072,-0.23,0.102,5.07,84232.0,17243044.1,2.034,2.113,1.973,2.01,6.97,4.49,0.63,45.3,44126.0,40106.0,2144813.0,12.44,3407273.0,19.76,-1262460.0,-7.32,-1744103.0,-10.11,-400711.0,-2.32,-82.0,2.112,2.113,187639725.0,396295099,396295099,2026-07-09,2026-07-09 15:34:42+08:00
159013,工业互联网ETF大成,1.165,1.1627,-0.2,0.056,5.05,61009.0,6924615.62,1.12,1.166,1.112,1.109,4.87,12.31,1.02,-23.96,33117.0,27892.0,603128.0,8.71,223.0,0.0,602905.0,8.71,-322522.0,-4.66,-280607.0,-4.05,20.0,1.164,1.165,49578881.0,57759396,57759396,2026-07-09,2026-07-09 15:34:42+08:00
159381,创业板人工智能ETF华夏,1.375,1.3739,-0.08,0.066,5.04,4497574.0,599747424.9,1.331,1.379,1.3,1.309,6.04,27.64,1.17,-21.35,2295326.0,2202248.0,-2127992.0,-0.35,-24269007.0,-4.05,22141015.0,3.69,5701225.0,0.95,-3573231.0,-0.6,-5235.0,1.375,1.376,1627153200.0,2237335650,2237335650,2026-07-09,2026-07-09 15:34:18+08:00
159382,创业板人工智能ETF南方,3.104,3.1005,-0.11,0.149,5.04,584563.0,175781401.7,2.996,3.109,2.933,2.955,5.96,7.19,0.99,49.15,273105.0,311458.0,-1370151.0,-0.78,1682071.0,0.96,-3052222.0,-1.74,2419436.0,1.38,-1049285.0,-0.6,-1064.0,3.104,3.105,813055712.0,2523724930,2523724930,2026-07-09,2026-07-09 15:34:30+08:00
159507,通信ETF广发,1.005,1.0009,-0.41,0.048,5.02,1542114.0,149378002.8,0.964,1.008,0.939,0.957,7.21,17.91,1.65,32.06,809833.0,732281.0,-13751663.0,-9.21,-14002114.0,-9.37,250451.0,0.17,10277338.0,6.88,3474325.0,2.33,-20181.0,1.005,1.006,860830896.0,865135050,865135050,2026-07-09,2026-07-09 15:34:00+08:00
159298,创业板50ETF大成,1.426,1.4236,-0.17,0.068,5.01,89388.0,12464820.7,1.375,1.426,1.348,1.358,5.74,6.71,1.83,53.35,47681.0,41707.0,912197.0,7.32,-209517.0,-1.68,1121714.0,9.0,-830460.0,-6.66,-81737.0,-0.66,-1310.0,1.426,1.429,133281082.0,190058823,190058823,2026-07-09,2026-07-09 15:34:30+08:00
588910,科创价值ETF建信,1.745,1.7474,0.14,0.083,4.99,109306.0,18431153.0,1.673,1.75,1.654,1.662,5.78,10.61,0.94,-2.4,63274.0,46032.0,-507371.0,-2.75,0.0,0.0,-507371.0,-2.75,407150.0,2.21,100221.0,0.54,-1.0,1.743,1.745,103049100.0,179820680,179820680,2026-07-09,2026-07-09 16:11:53+08:00
159778,工业互联网ETF鹏华,1.395,1.3928,-0.16,0.066,4.97,31783.0,4314200.7,1.332,1.396,1.332,1.329,4.82,7.75,1.45,-6.82,12893.0,18890.0,516791.0,11.98,1030344.0,23.88,-513553.0,-11.9,-196836.0,-4.56,-319955.0,-7.42,-30.0,1.395,1.399,41005382.0,57202508,57202508,2026-07-09,2026-07-09 15:34:06+08:00
159185,港股通信息技术ETF鹏华,1.212,1.2136,0.13,0.057,4.94,3968653.0,474265302.1,1.181,1.215,1.173,1.155,3.64,187.11,1.26,-9.14,2043886.0,1924767.0,6298700.0,1.33,-3675428.0,-0.77,9974128.0,2.1,-5145250.0,-1.08,-1153448.0,-0.24,7536.0,1.211,1.212,212099035.0,257064030,257064030,2026-07-09,2026-07-09 15:34:36+08:00
159247,创业板ETF汇添富,1.214,1.2081,-0.49,0.057,4.93,524497.0,61752320.4,1.168,1.216,1.147,1.157,5.96,22.81,1.51,-58.29,273381.0,251116.0,2314152.0,3.75,1813096.0,2.94,501056.0,0.81,-1953647.0,-3.16,-360505.0,-0.58,14527.0,1.213,1.214,229984966.0,279201749,279201749,2026-07-09,2026-07-09 15:34:06+08:00
526030,港股通信息技术ETF汇添富,0.958,0.9619,0.41,0.045,4.93,1339459.0,126679330.0,0.932,0.963,0.923,0.913,4.38,75.91,2.8,-3.28,723911.0,615548.0,3605621.0,2.85,4682239.0,3.7,-1076618.0,-0.85,-3223735.0,-2.54,-381886.0,-0.3,-5498.0,0.957,0.958,176465000.0,169053470,169053470,2026-07-09,2026-07-09 16:11:54+08:00
159363,创业板人工智能ETF华宝,1.452,1.4532,0.08,0.068,4.91,11924319.0,1689472430.217,1.405,1.456,1.374,1.384,5.92,22.27,1.17,-49.35,5506627.0,6417692.0,46056816.0,2.73,74125856.0,4.39,-28069040.0,-1.66,-18372933.0,-1.09,-27683872.0,-1.64,34145.0,1.451,1.452,5354169856.0,7774254631,7774254631,2026-07-09,2026-07-09 15:34:15+08:00
526000,港股通信息技术ETF华夏,1.309,1.3099,0.07,0.061,4.89,7155241.0,923641226.0,1.273,1.312,1.27,1.248,3.37,533.41,1.42,3.22,3830471.0,3324770.0,7018803.0,0.76,7161539.0,0.78,-142736.0,-0.02,-5947106.0,-0.64,-1071690.0,-0.12,-3542.0,1.308,1.309,134142000.0,175591878,175591878,2026-07-09,2026-07-09 16:12:01+08:00
159206,卫星ETF永赢,1.696,1.6964,0.02,0.079,4.89,7218695.0,1183948416.44,1.619,1.698,1.598,1.617,6.18,5.91,0.65,-83.26,3632889.0,3585806.0,125808796.0,10.63,143696412.0,12.14,-17887616.0,-1.51,-22179376.0,-1.87,-103629449.0,-8.75,73914.0,1.695,1.696,12217953280.0,20721648763,20721648763,2026-07-09,2026-07-09 15:34:42+08:00
159814,创业大盘ETF西部利得,0.837,0.8357,-0.16,0.039,4.89,891071.0,71686333.7,0.804,0.838,0.791,0.798,5.89,18.79,1.13,18.62,504842.0,386229.0,329947.0,0.46,-118209.0,-0.16,448156.0,0.63,339248.0,0.47,-669195.0,-0.93,-634.0,0.837,0.838,474246528.0,396944344,396944344,2026-07-09,2026-07-09 15:34:18+08:00
159242,创业板人工智能ETF大成,2.449,2.4491,0.0,0.114,4.88,471180.0,111817015.032,2.361,2.453,2.316,2.335,5.87,8.09,1.0,17.42,229402.0,241778.0,-2142499.0,-1.92,-4056686.0,-3.63,1914187.0,1.71,2523459.0,2.26,-380959.0,-0.34,1658.0,2.448,2.449,582278576.0,1426000233,1426000233,2026-07-09,2026-07-09 15:34:54+08:00
159295,创业综指ETF西部利得,1.28,1.2741,-0.46,0.059,4.83,48167.0,5913212.5,1.233,1.281,1.204,1.221,6.31,7.65,0.95,98.21,22189.0,25978.0,-191556.0,-3.24,0.0,0.0,-191556.0,-3.24,140465.0,2.38,51091.0,0.86,1.0,1.262,1.282,62958239.0,80586546,80586546,2026-07-09,2026-07-09 15:34:27+08:00
159246,创业板人工智能ETF富国,1.367,1.3656,-0.1,0.063,4.83,1460465.0,194408551.3,1.32,1.37,1.293,1.304,5.9,4.07,1.39,20.78,717276.0,743189.0,1090852.0,0.56,-260840.0,-0.13,1351692.0,0.7,-516902.0,-0.27,-573950.0,-0.3,-3462.0,1.367,1.368,3591655600.0,4909793205,4909793205,2026-07-09,2026-07-09 15:34:45+08:00
159681,创业板50ETF鹏华,1.892,1.891,-0.05,0.087,4.82,771056.0,140836310.128,1.814,1.893,1.789,1.805,5.76,8.02,0.93,-6.42,330992.0,440064.0,-15754453.0,-11.19,-5549746.0,-3.94,-10204707.0,-7.25,17182465.0,12.2,-1428011.0,-1.01,-562.0,1.892,1.893,961772336.0,1819673260,1819673260,2026-07-09,2026-07-09 15:34:39+08:00
159370,创50ETF工银,2.13,2.1349,0.23,0.098,4.82,57188.0,11798683.2,2.042,2.134,2.02,2.032,5.61,3.28,0.83,91.55,19647.0,37541.0,-196344.0,-1.66,-767323.0,-6.5,570979.0,4.84,215603.0,1.83,-19260.0,-0.16,-23.0,2.13,2.134,174316009.0,371293099,371293099,2026-07-09,2026-07-09 15:34:18+08:00
588480,科创创业人工智能ETF中金,1.138,1.144,0.52,0.052,4.79,162494.0,18048725.0,1.088,1.142,1.081,1.086,5.62,8.84,1.35,-23.69,92268.0,70226.0,4553600.0,25.23,1308357.0,7.25,3245243.0,17.98,-2845749.0,-15.77,-1707851.0,-9.46,-1099.0,1.138,1.139,183717000.0,209069946,209069946,2026-07-09,2026-07-09 16:11:32+08:00
159196,港股通信息技术ETF易方达,1.358,1.3601,0.15,0.062,4.78,5368280.0,719296212.936,1.325,1.364,1.314,1.296,3.86,271.77,1.12,-61.83,2817242.0,2551039.0,9975039.0,1.39,10260287.0,1.43,-285248.0,-0.04,-11135820.0,-1.55,1160782.0,0.16,-4379.0,1.358,1.359,197530324.0,268246180,268246180,2026-07-09,2026-07-09 15:34:39+08:00
159808,创100ETF融通,1.56,1.5549,-0.33,0.071,4.77,30962.0,4658960.951,1.489,1.56,1.477,1.489,5.57,6.26,1.4,92.2,16817.0,14145.0,303050.0,6.5,0.0,0.0,303050.0,6.5,69176.0,1.48,-372226.0,-7.99,5.0,1.552,1.56,49484790.0,77196272,77196272,2026-07-09,2026-07-09 15:34:42+08:00
561130,国货ETF富国,1.147,1.1439,-0.27,0.052,4.75,196939.0,22026118.0,1.105,1.147,1.105,1.095,3.84,20.11,1.08,2.88,114445.0,82494.0,281985.0,1.28,0.0,0.0,281985.0,1.28,-255421.0,-1.16,-26563.0,-0.12,-17.0,1.145,1.147,97935200.0,112331674,112331674,2026-07-09,2026-07-09 16:11:38+08:00
520710,港股通信息技术ETF广发,0.996,1.0012,0.52,0.045,4.73,1039210.0,102310428.0,0.97,1.0,0.965,0.951,3.68,116.73,1.4,-48.23,526864.0,512346.0,2558270.0,2.5,3521838.0,3.44,-963568.0,-0.94,-1400167.0,-1.37,-1158102.0,-1.13,-4603.0,0.996,0.997,89029000.0,88672884,88672884,2026-07-09,2026-07-09 16:11:55+08:00
159131,港股通信息技术ETF华宝,1.063,1.0663,0.31,0.048,4.73,36436527.0,3824068909.903,1.037,1.068,1.028,1.015,3.94,208.34,1.49,-31.96,19310684.0,17125843.0,4108352.0,0.11,37281440.0,0.97,-33173088.0,-0.87,-13029120.0,-0.34,8920767.0,0.23,84173.0,1.062,1.063,1748919904.0,1859101858,1859101858,2026-07-09,2026-07-09 15:34:24+08:00
159597,创业板成长ETF易方达,0.954,0.9537,-0.03,0.043,4.72,423365.0,39252702.2,0.92,0.956,0.899,0.911,6.26,5.02,1.51,52.7,249544.0,173821.0,83048.0,0.21,-2465595.0,-6.28,2548643.0,6.49,-1268520.0,-3.23,1185471.0,3.02,-5169.0,0.954,0.955,843757136.0,804944308,804944308,2026-07-09,2026-07-09 15:34:57+08:00
159682,创业板50ETF景顺,1.867,1.8652,-0.1,0.084,4.71,2209528.0,401735922.9,1.799,1.871,1.767,1.783,5.83,7.9,0.73,24.83,1113333.0,1096195.0,2422530.0,0.6,-8675176.0,-2.16,11097706.0,2.76,891047.0,0.22,-3313578.0,-0.82,-4545.0,1.867,1.868,2797307664.0,5222573409,5222573409,2026-07-09,2026-07-09 15:34:33+08:00
159367,创业板50ETF华夏,2.022,2.0215,-0.02,0.091,4.71,118209.0,23345775.2,1.935,2.026,1.915,1.931,5.75,10.01,1.2,-27.72,64901.0,53308.0,754110.0,3.23,-1226790.0,-5.25,1980900.0,8.49,-640505.0,-2.74,-113605.0,-0.49,-463.0,2.022,2.023,118079029.0,238755797,238755797,2026-07-09,2026-07-09 15:34:51+08:00
588270,科创200ETF易方达,2.045,2.0431,-0.09,0.092,4.71,133351.0,26431195.0,1.966,2.046,1.937,1.953,5.58,5.08,1.05,1.41,63035.0,70316.0,2919678.0,11.05,1419640.0,5.37,1500038.0,5.68,-2818157.0,-10.66,-101521.0,-0.38,-187.0,2.045,2.047,262410000.0,536628450,536628450,2026-07-09,2026-07-09 16:11:41+08:00
517950,沪深港科技50ETF交银,1.336,1.3319,-0.31,0.06,4.7,105455.0,13676888.0,1.278,1.336,1.278,1.276,4.55,17.84,1.12,-22.8,66288.0,39167.0,-330467.0,-2.42,0.0,0.0,-330467.0,-2.42,404270.0,2.96,-73803.0,-0.54,1000.0,1.333,1.338,59123200.0,78988595,78988595,2026-07-09,2026-07-09 16:12:01+08:00
159279,创业板人工智能ETF华安,1.648,1.6456,-0.15,0.074,4.7,470736.0,75026320.8,1.589,1.65,1.558,1.574,5.84,31.94,0.95,-82.64,236360.0,234376.0,2264312.0,3.02,-719939.0,-0.96,2984251.0,3.98,-1732667.0,-2.31,-531644.0,-0.71,836.0,1.645,1.648,147387534.0,242894656,242894656,2026-07-09,2026-07-09 15:34:03+08:00
159218,卫星ETF招商,1.636,1.6384,0.15,0.073,4.67,1468782.0,233230593.831,1.566,1.64,1.544,1.563,6.14,6.32,1.02,-49.41,704982.0,763800.0,54120500.0,23.2,44123738.0,18.92,9996762.0,4.29,-33517521.0,-14.37,-20602980.0,-8.83,10406.0,1.635,1.636,2322616384.0,3799800404,3799800404,2026-07-09,2026-07-09 15:34:12+08:00
159773,创业板科技ETF华泰柏瑞,1.481,1.4794,-0.11,0.066,4.66,69642.0,10086838.1,1.426,1.483,1.402,1.415,5.72,4.96,1.49,54.02,28041.0,41601.0,250087.0,2.48,893830.0,8.86,-643743.0,-6.38,-7804.0,-0.08,-242282.0,-2.4,376.0,1.48,1.481,140303120.0,207788921,207788921,2026-07-09,2026-07-09 15:34:33+08:00
588230,科创200ETF华泰柏瑞,2.186,2.1831,-0.13,0.097,4.64,550592.0,117309081.0,2.104,2.188,2.07,2.089,5.65,13.11,0.89,40.38,279277.0,271315.0,-11140509.0,-9.5,612737.0,0.52,-11753246.0,-10.02,12299718.0,10.48,-1159210.0,-0.99,-4011.0,2.186,2.187,419939008.0,917986671,917986671,2026-07-09,2026-07-09 16:11:55+08:00
159991,创业板大盘ETF招商,0.95,0.9523,0.24,0.042,4.63,102956.0,9518538.9,0.916,0.953,0.901,0.908,5.73,10.31,1.0,-20.26,56050.0,46906.0,1566680.0,16.46,1742296.0,18.3,-175616.0,-1.84,-1521207.0,-15.98,-45473.0,-0.48,-100.0,0.95,0.951,99863172.0,94870013,94870013,2026-07-09,2026-07-09 15:34:27+08:00
515920,智能消费ETF博时,1.426,1.4229,-0.22,0.063,4.62,24822.0,3439198.0,1.375,1.429,1.361,1.363,4.99,3.77,0.34,14.11,11300.0,13522.0,152381.0,4.43,-99938.0,-2.91,252319.0,7.34,-217034.0,-6.31,64653.0,1.88,-1.0,1.425,1.427,65905700.0,93981528,93981528,2026-07-09,2026-07-09 16:11:56+08:00
159821,创业板ETF中银证券,1.517,1.5104,-0.44,0.067,4.62,24289.0,3594614.1,1.479,1.517,1.438,1.45,5.45,4.27,1.49,58.62,12178.0,12111.0,-93011.0,-2.59,678211.0,18.87,-771222.0,-21.45,107116.0,2.98,-14105.0,-0.39,-10.0,1.519,1.52,56820000.0,86195940,86195940,2026-07-09,2026-07-09 15:34:48+08:00
563530,卫星ETF易方达,1.338,1.3388,0.06,0.059,4.61,1352323.0,174851208.0,1.276,1.339,1.262,1.279,6.02,8.78,1.03,-13.77,761036.0,591287.0,33231144.0,19.01,10318012.0,5.9,22913132.0,13.1,-17392326.0,-9.95,-15838817.0,-9.06,-7944.0,1.337,1.338,1540748000.0,2061520824,2061520824,2026-07-09,2026-07-09 16:11:46+08:00
512630,卫星ETF广发,1.339,1.3401,0.08,0.059,4.61,1587402.0,205729154.0,1.28,1.341,1.263,1.28,6.09,9.39,1.0,-15.28,926566.0,660836.0,19576656.0,9.52,7635597.0,3.71,11941059.0,5.8,-8013876.0,-3.9,-11562781.0,-5.62,-11575.0,1.339,1.34,1690426000.0,2263480414,2263480414,2026-07-09,2026-07-09 16:11:38+08:00
589320,科创200ETF嘉实,1.046,1.0427,-0.32,0.046,4.6,113212.0,11530365.0,1.01,1.049,0.99,1.0,5.9,9.93,0.75,57.99,62960.0,50252.0,730212.0,6.33,3776307.0,32.75,-3046095.0,-26.42,-186510.0,-1.62,-543703.0,-4.72,-2230.0,1.045,1.046,114053000.0,119299438,119299438,2026-07-09,2026-07-09 16:12:00+08:00
159243,创业板人工智能ETF招商,1.47,1.4732,0.22,0.064,4.55,480456.0,68546579.4,1.421,1.475,1.392,1.406,5.9,35.58,1.11,31.44,215628.0,264828.0,-857103.0,-1.25,434144.0,0.63,-1291247.0,-1.88,1124670.0,1.64,-267566.0,-0.39,-1614.0,1.47,1.471,135030224.0,198494429,198494429,2026-07-09,2026-07-09 15:34:03+08:00
159971,创业板ETF富国,1.406,1.4031,-0.21,0.061,4.54,896203.0,122240120.964,1.356,1.406,1.332,1.345,5.5,6.7,1.41,2.6,453900.0,442303.0,5555026.0,4.54,-5381798.0,-4.4,10936824.0,8.95,-1277279.0,-1.04,-4277746.0,-3.5,6217.0,1.405,1.406,1338020288.0,1881256525,1881256525,2026-07-09,2026-07-09 15:34:45+08:00
159373,创业板50ETF嘉实,2.055,2.0567,0.08,0.089,4.53,405707.0,80355930.7,1.977,2.057,1.942,1.966,5.85,29.71,1.41,-64.5,166959.0,238748.0,-2841756.0,-3.54,2441010.0,3.04,-5282766.0,-6.57,2695385.0,3.35,146371.0,0.18,50.0,2.054,2.055,136557494.0,280625650,280625650,2026-07-09,2026-07-09 15:34:54+08:00
563230,卫星ETF富国,1.34,1.3395,-0.04,0.058,4.52,2435176.0,316152840.0,1.28,1.341,1.265,1.282,5.93,7.18,0.92,0.01,1386838.0,1048338.0,67040341.0,21.21,40222694.0,12.72,26817647.0,8.48,-31400669.0,-9.93,-35639673.0,-11.27,-44362.0,1.339,1.34,3391237008.0,4544257591,4544257591,2026-07-09,2026-07-09 16:11:53+08:00
515860,科技ETF嘉实,2.29,2.2903,0.01,0.099,4.52,60039.0,13394415.0,2.191,2.294,2.189,2.191,4.79,5.62,1.08,2.33,30460.0,29579.0,1392964.0,10.4,1062871.0,7.94,330093.0,2.46,-1265599.0,-9.45,-127365.0,-0.95,-146.0,2.288,2.29,106878900.0,244752681,244752681,2026-07-09,2026-07-09 16:11:37+08:00
159810,创业板ETF浦银,1.62,1.6231,0.19,0.07,4.52,23717.0,3750594.6,1.57,1.621,1.539,1.55,5.29,4.89,0.84,24.59,11011.0,12706.0,79072.0,2.11,0.0,0.0,79072.0,2.11,119892.0,3.2,-198964.0,-5.3,-148.0,1.62,1.625,48475458.0,78530242,78530242,2026-07-09,2026-07-09 15:34:45+08:00
588240,科创200ETF鹏华,2.015,2.018,0.15,0.087,4.51,278879.0,54762922.0,1.939,2.022,1.915,1.928,5.55,27.44,1.17,32.28,135772.0,143107.0,-603075.0,-1.1,-3998.0,-0.01,-599077.0,-1.09,589946.0,1.08,13129.0,0.02,-1004.0,2.015,2.016,101633000.0,204790495,204790495,2026-07-09,2026-07-09 16:11:44+08:00
159908,创业板ETF博时,3.758,3.7555,-0.07,0.162,4.51,103042.0,37495720.7,3.614,3.76,3.561,3.596,5.53,3.25,0.92,48.94,51404.0,51638.0,1057698.0,2.82,1885726.0,5.03,-828028.0,-2.21,-2171212.0,-5.79,1113513.0,2.97,-509.0,3.758,3.759,317229024.0,1192146672,1192146672,2026-07-09,2026-07-09 15:34:39+08:00
159371,创业板50ETF富国,2.017,2.0126,-0.22,0.087,4.51,49244.0,9666169.7,1.933,2.017,1.906,1.93,5.75,3.19,1.33,33.59,26469.0,22775.0,-284161.0,-2.94,-1568727.0,-16.23,1284566.0,13.29,-203944.0,-2.11,488104.0,5.05,-579.0,2.017,2.018,154221172.0,311064104,311064104,2026-07-09,2026-07-09 15:34:51+08:00
159375,创业板50ETF国泰,0.859,0.8572,-0.21,0.037,4.5,213734.0,17736274.55,0.823,0.859,0.812,0.822,5.72,7.33,1.0,21.83,121733.0,92002.0,344953.0,1.94,560569.0,3.16,-215616.0,-1.22,-302012.0,-1.7,-42941.0,-0.24,-372.0,0.859,0.86,291595344.0,250480400,250480400,2026-07-09,2026-07-09 15:34:12+08:00
159915,创业板ETF易方达,4.04,4.0392,-0.02,0.173,4.47,19492045.0,7646989098.165,3.904,4.048,3.831,3.867,5.61,16.59,1.3,81.52,9928052.0,9563993.0,378405200.0,4.95,515146528.0,6.74,-136741328.0,-1.79,-369065472.0,-4.83,-9339712.0,-0.12,-78884.0,4.04,4.041,11746455040.0,47455678362,47455678362,2026-07-09,2026-07-09 15:34:09+08:00
515580,科技100ETF华泰柏瑞,1.549,1.5457,-0.21,0.066,4.45,76491.0,11594312.0,1.489,1.549,1.487,1.483,4.18,2.45,0.74,2.27,42718.0,33773.0,-1191921.0,-10.28,26878.0,0.23,-1218799.0,-10.51,1304621.0,11.25,-112701.0,-0.97,-346.0,1.546,1.549,312031408.0,483336651,483336651,2026-07-09,2026-07-09 16:11:48+08:00
159383,创业板50ETF华泰柏瑞,2.0,1.9992,-0.04,0.085,4.44,49624.0,9634067.2,1.934,2.003,1.894,1.915,5.69,14.56,1.26,2.78,29720.0,19904.0,-26797.0,-0.28,451348.0,4.68,-478145.0,-4.96,-24615.0,-0.26,51411.0,0.53,215.0,1.996,2.0,34092486.0,68184972,68184972,2026-07-09,2026-07-09 15:34:39+08:00
515200,创新100ETF申万菱信,2.943,2.9461,0.11,0.125,4.44,22104.0,6258348.0,2.792,2.948,2.792,2.818,5.54,5.27,0.79,-0.08,8288.0,13816.0,329131.0,5.26,0.0,0.0,329131.0,5.26,-364306.0,-5.82,35175.0,0.56,-1.0,2.938,2.947,41943200.0,123438838,123438838,2026-07-09,2026-07-09 16:11:45+08:00
159948,创业板ETF南方,4.457,4.4563,-0.02,0.189,4.43,340440.0,147815319.736,4.291,4.467,4.226,4.268,5.65,3.19,1.09,-12.14,147377.0,193063.0,331112.0,0.22,-2680519.0,-1.81,3011631.0,2.04,1411114.0,0.95,-1742225.0,-1.18,508.0,4.453,4.457,1067697728.0,4758728774,4758728774,2026-07-09,2026-07-09 15:34:30+08:00
589220,科创200ETF国泰,1.229,1.2324,0.28,0.052,4.42,360762.0,43034745.0,1.184,1.233,1.169,1.177,5.44,11.97,1.17,13.56,196348.0,164414.0,4666762.0,10.84,6168954.0,14.33,-1502192.0,-3.49,-3562865.0,-8.28,-1103898.0,-2.57,-2061.0,1.229,1.23,301495808.0,370538348,370538348,2026-07-09,2026-07-09 16:11:42+08:00
588140,科创200ETF广发,1.467,1.4699,0.2,0.062,4.41,48564.0,6916258.0,1.404,1.468,1.392,1.405,5.41,2.33,0.97,-30.07,21702.0,26862.0,-722749.0,-10.45,0.0,0.0,-722749.0,-10.45,436242.0,6.31,286508.0,4.14,-443.0,1.466,1.467,208751000.0,306237717,306237717,2026-07-09,2026-07-09 16:11:40+08:00
517800,人工智能50ETF方正富邦,1.165,1.1697,0.4,0.049,4.39,141456.0,16136352.0,1.121,1.166,1.116,1.116,4.48,6.33,1.56,14.74,95093.0,46363.0,2366025.0,14.66,524463.0,3.25,1841562.0,11.41,-718588.0,-4.45,-1647437.0,-10.21,-2848.0,1.164,1.165,223539700.0,260423751,260423751,2026-07-09,2026-07-09 16:11:43+08:00
159205,创业板ETF东财,1.974,1.973,-0.05,0.083,4.39,823484.0,157877634.489,1.9,1.975,1.869,1.891,5.61,23.06,1.66,74.39,436913.0,386571.0,5772285.0,3.66,-396310.0,-0.25,6168595.0,3.91,1492284.0,0.95,-7264570.0,-4.6,-5883.0,1.974,1.975,357056064.0,704828670,704828670,2026-07-09,2026-07-09 15:34:21+08:00
159957,创业板ETF华夏,2.648,2.6456,-0.09,0.111,4.38,642692.0,165306126.554,2.559,2.648,2.511,2.537,5.4,7.62,0.64,73.44,358160.0,284532.0,-416877.0,-0.25,-1823178.0,-1.1,1406301.0,0.85,7683918.0,4.65,-7267040.0,-4.4,-6001.0,2.648,2.649,843784560.0,2234341515,2234341515,2026-07-09,2026-07-09 15:34:57+08:00
562030,信创ETF华宝,0.574,0.5761,0.36,0.024,4.36,164135.0,9276022.0,0.555,0.576,0.553,0.55,4.18,10.94,0.72,8.08,108553.0,55582.0,692191.0,7.46,1433690.0,15.46,-741499.0,-7.99,-623342.0,-6.72,-68849.0,-0.74,-311.0,0.574,0.575,149973900.0,86085019,86085019,2026-07-09,2026-07-09 16:11:55+08:00
563790,卫星ETF鹏华,1.007,1.0084,0.14,0.042,4.35,1074048.0,105132496.0,0.965,1.009,0.954,0.965,5.7,9.2,1.06,-38.25,624332.0,449716.0,7769447.0,7.39,14762930.0,14.04,-6993483.0,-6.65,-5142226.0,-4.89,-2627221.0,-2.5,-9262.0,1.007,1.008,1167447008.0,1175619137,1175619137,2026-07-09,2026-07-09 16:11:40+08:00
159108,工业软件ETF博时,1.127,1.1263,-0.06,0.047,4.35,114172.0,12699190.573,1.072,1.131,1.072,1.08,5.46,10.4,1.78,41.91,62367.0,51805.0,2167616.0,17.07,370123.0,2.91,1797493.0,14.15,-1580769.0,-12.45,-586847.0,-4.62,-1350.0,1.127,1.131,109738511.0,123675302,123675302,2026-07-09,2026-07-09 15:34:06+08:00
159952,创业板ETF广发,2.452,2.45,-0.08,0.102,4.34,3968900.0,944600272.92,2.37,2.458,2.322,2.35,5.79,10.36,1.43,-39.19,2427634.0,1541266.0,-8592016.0,-0.91,-82179184.0,-8.7,73587168.0,7.79,12775898.0,1.35,-4183894.0,-0.44,21717.0,2.451,2.452,3831284928.0,9394310643,9394310643,2026-07-09,2026-07-09 15:34:33+08:00
159977,创业板ETF天弘,2.094,2.0949,0.04,0.087,4.33,1182131.0,239596060.186,2.029,2.099,1.988,2.007,5.53,3.87,0.99,36.57,610988.0,571143.0,10373460.0,4.33,21933944.0,9.15,-11560484.0,-4.82,-4707109.0,-1.96,-5666351.0,-2.36,4652.0,2.093,2.094,3051872816.0,6390621677,6390621677,2026-07-09,2026-07-09 15:34:57+08:00
588820,科创200ETF华夏,2.336,2.3366,0.03,0.097,4.33,170035.0,38467577.0,2.257,2.34,2.216,2.239,5.54,11.69,1.29,0.63,87242.0,82793.0,-2550921.0,-6.63,1285958.0,3.34,-3836879.0,-9.97,2408963.0,6.26,141957.0,0.37,-151.0,2.335,2.336,145400000.0,339654400,339654400,2026-07-09,2026-07-09 16:12:01+08:00
159964,创业板ETF平安,2.633,2.6331,0.0,0.108,4.28,22191.0,5659820.1,2.53,2.638,2.5,2.525,5.47,1.14,0.76,34.51,9250.0,12941.0,449749.0,7.95,274763.0,4.85,174986.0,3.09,-224895.0,-3.97,-224853.0,-3.97,-56.0,2.633,2.638,195481881.0,514703793,514703793,2026-07-09,2026-07-09 15:34:42+08:00
589200,科创200ETF工银,1.666,1.6722,0.37,0.068,4.26,18163.0,2963896.0,1.624,1.671,1.586,1.598,5.32,8.07,0.62,2.04,7174.0,10989.0,260826.0,8.8,163.0,0.01,260663.0,8.79,-304800.0,-10.28,43975.0,1.48,-1452.0,1.665,1.666,22507000.0,37496662,37496662,2026-07-09,2026-07-09 16:11:50+08:00
159369,创业板50ETF易方达,1.64,1.6384,-0.1,0.067,4.26,189514.0,30411818.0,1.58,1.644,1.553,1.573,5.79,6.34,1.57,18.03,103910.0,85604.0,463424.0,1.52,1031778.0,3.39,-568354.0,-1.87,-350390.0,-1.15,-113033.0,-0.37,1184.0,1.637,1.64,298753488.0,489955720,489955720,2026-07-09,2026-07-09 15:34:09+08:00
589330,科创200ETF东财,1.057,1.0612,0.4,0.043,4.24,75729.0,7813538.0,1.013,1.06,1.005,1.014,5.42,8.82,1.05,-59.53,39113.0,36616.0,181986.0,2.33,8663.0,0.11,173323.0,2.22,122894.0,1.57,-304881.0,-3.9,-44.0,1.057,1.058,85902000.0,90798414,90798414,2026-07-09,2026-07-09 16:11:41+08:00
561090,A500增强ETF华安,1.335,1.335,0.0,0.054,4.22,91339.0,12002374.0,1.284,1.338,1.284,1.281,4.22,4.41,0.82,-9.22,45850.0,45489.0,667470.0,5.56,358568.0,2.99,308902.0,2.57,-191939.0,-1.6,-475531.0,-3.96,-1810.0,1.335,1.339,206974000.0,276310290,276310290,2026-07-09,2026-07-09 16:12:00+08:00
159956,创业板ETF建信,2.555,2.5549,0.0,0.103,4.2,28872.0,7115751.9,2.476,2.558,2.426,2.452,5.38,6.88,0.87,14.0,11290.0,17582.0,416816.0,5.86,0.0,0.0,416816.0,5.86,-328773.0,-4.62,-88042.0,-1.24,-64.0,2.555,2.559,41978674.0,107255512,107255512,2026-07-09,2026-07-09 15:34:06+08:00
589280,科创增强ETF华宝,1.073,1.079,0.56,0.043,4.17,36653.0,3858443.0,1.03,1.073,1.025,1.03,4.66,4.12,0.41,5.55,19371.0,17282.0,652709.0,16.92,0.0,0.0,652709.0,16.92,-444373.0,-11.52,-208336.0,-5.4,-1858.0,1.072,1.073,89069000.0,95571037,95571037,2026-07-09,2026-07-09 16:11:39+08:00
562310,沪深300成长ETF银华,1.18,1.1771,-0.25,0.047,4.15,347365.0,40331813.0,1.136,1.18,1.132,1.133,4.24,6.57,1.49,-10.69,221068.0,126297.0,5432049.0,13.47,8188678.0,20.3,-2756629.0,-6.83,-4310035.0,-10.69,-1122015.0,-2.78,-1951.0,1.178,1.18,528572304.0,623715319,623715319,2026-07-09,2026-07-09 16:11:59+08:00
562570,信创ETF华夏,1.551,1.5438,-0.47,0.061,4.09,260369.0,39346687.0,1.49,1.551,1.483,1.49,4.56,8.94,1.55,-20.16,146941.0,113428.0,1591770.0,4.05,-200071.0,-0.51,1791841.0,4.55,94349.0,0.24,-1686119.0,-4.29,-488.0,1.549,1.551,291281008.0,451776843,451776843,2026-07-09,2026-07-09 16:11:48+08:00
589780,科创200ETF富国,1.481,1.488,0.47,0.058,4.08,16410.0,2389437.0,1.437,1.486,1.409,1.423,5.41,3.03,0.51,2.16,8026.0,8384.0,2563.0,0.11,0.0,0.0,2563.0,0.11,171351.0,7.17,-173914.0,-7.28,-500.0,1.481,1.487,54215000.0,80292415,80292415,2026-07-09,2026-07-09 16:11:59+08:00
589550,科创价值ETF华夏,1.484,1.4865,0.17,0.058,4.07,15380.0,2212978.0,1.427,1.486,1.419,1.426,4.7,6.08,0.48,-0.06,8389.0,6991.0,-628691.0,-28.41,0.0,0.0,-628691.0,-28.41,532850.0,24.08,95841.0,4.33,-7.0,1.484,1.485,25295500.0,37538522,37538522,2026-07-09,2026-07-09 16:11:52+08:00
159180,软件ETF银华,1.203,1.2031,0.01,0.047,4.07,64809.0,7548810.7,1.154,1.203,1.145,1.156,5.02,20.8,1.13,-98.46,33548.0,31261.0,286708.0,3.8,0.0,0.0,286708.0,3.8,-168300.0,-2.23,-118409.0,-1.57,19.0,1.201,1.203,31155926.0,37480579,37480579,2026-07-09,2026-07-09 15:34:03+08:00
159958,创业板ETF工银,2.436,2.4339,-0.09,0.095,4.06,51755.0,12227083.0,2.357,2.436,2.312,2.341,5.3,2.4,1.4,55.69,21130.0,30625.0,474524.0,3.88,1323482.0,10.82,-848958.0,-6.94,-381744.0,-3.12,-92781.0,-0.76,-101.0,2.436,2.438,215411448.0,524742287,524742287,2026-07-09,2026-07-09 15:34:36+08:00
159145,工业软件ETF广发,0.978,0.9757,-0.24,0.038,4.04,37437.0,3585412.5,0.939,0.979,0.934,0.94,4.79,6.08,0.53,17.18,15795.0,21642.0,192766.0,5.38,740704.0,20.66,-547938.0,-15.28,-158440.0,-4.42,-34326.0,-0.96,1.0,0.974,0.977,61581845.0,60227044,60227044,2026-07-09,2026-07-09 15:34:39+08:00
159777,创科技ETF国联安,1.392,1.3951,0.22,0.054,4.04,35261.0,4746726.7,1.333,1.396,1.32,1.338,5.68,12.47,1.16,15.35,20689.0,14572.0,1630600.0,34.35,981060.0,20.67,649540.0,13.68,-1628806.0,-34.31,-1794.0,-0.04,-5.0,1.392,1.394,28280565.0,39366546,39366546,2026-07-09,2026-07-09 15:34:27+08:00
589820,科创200ETF建信,1.521,1.5225,0.1,0.059,4.04,45406.0,6707326.0,1.462,1.524,1.444,1.462,5.47,3.76,0.87,6.89,30672.0,14734.0,-141353.0,-2.11,0.0,0.0,-141353.0,-2.11,60335.0,0.9,81018.0,1.21,-20.0,1.518,1.524,120720200.0,183615424,183615424,2026-07-09,2026-07-09 16:11:52+08:00
517660,物联网ETF天弘,1.473,1.4768,0.26,0.057,4.03,27487.0,3961663.0,1.444,1.473,1.422,1.416,3.6,6.15,1.85,1.43,12889.0,14598.0,58127.0,1.47,0.0,0.0,58127.0,1.47,-31435.0,-0.79,-26693.0,-0.67,-100.0,1.473,1.477,44680700.0,65814671,65814671,2026-07-09,2026-07-09 16:11:32+08:00
159675,创业板增强ETF嘉实,1.665,1.6694,0.26,0.063,3.93,67359.0,10862273.0,1.618,1.669,1.58,1.602,5.56,13.38,1.43,2.33,34223.0,33136.0,-653307.0,-6.01,0.0,0.0,-653307.0,-6.01,605859.0,5.58,47447.0,0.44,-15.0,1.665,1.669,50346691.0,83827241,83827241,2026-07-09,2026-07-09 15:34:51+08:00
560850,信创ETF汇添富,1.538,1.5384,0.03,0.057,3.85,52247.0,7857890.0,1.482,1.54,1.471,1.481,4.66,6.95,0.95,56.99,29771.0,22476.0,943710.0,12.01,0.0,0.0,943710.0,12.01,-890459.0,-11.33,-53251.0,-0.68,-167.0,1.537,1.538,75164000.0,115602232,115602232,2026-07-09,2026-07-09 16:11:50+08:00
159703,新材料ETF天弘,1.053,1.0474,-0.53,0.039,3.85,61438.0,6316101.2,1.016,1.053,0.996,1.014,5.62,11.73,0.92,32.5,27636.0,33802.0,-374089.0,-5.92,589696.0,9.34,-963785.0,-15.26,202533.0,3.21,171556.0,2.72,200.0,1.051,1.053,52381591.0,55157815,55157815,2026-07-09,2026-07-09 15:34:45+08:00
159836,创业板300ETF天弘,1.459,1.4612,0.15,0.054,3.84,23806.0,3379294.3,1.415,1.462,1.39,1.405,5.12,2.44,1.35,11.8,12708.0,11098.0,-1355.0,-0.04,303613.0,8.98,-304968.0,-9.02,-129336.0,-3.83,130690.0,3.87,5.0,1.457,1.459,97747113.0,142613038,142613038,2026-07-09,2026-07-09 15:34:00+08:00
159656,沪深300成长ETF万家,1.325,1.3262,0.09,0.049,3.84,185819.0,24078019.3,1.281,1.328,1.274,1.276,4.23,8.0,1.27,17.81,79390.0,106429.0,2499384.0,10.38,4558146.0,18.93,-2058762.0,-8.55,-1993309.0,-8.28,-506075.0,-2.1,-10.0,1.325,1.326,232238451.0,307715948,307715948,2026-07-09,2026-07-09 15:34:36+08:00
510590,中证500ETF平安,9.4,9.3669,-0.35,0.344,3.8,17629.0,16242826.0,9.087,9.469,8.948,9.056,5.75,1.28,4.02,-11.2,7818.0,9811.0,-1487150.0,-9.16,0.0,0.0,-1487150.0,-9.16,2052746.0,12.64,-565595.0,-3.48,3.0,9.392,9.4,137986100.0,1297069340,1297069340,2026-07-09,2026-07-09 16:11:34+08:00
159763,新材料ETF建信,0.846,0.8417,-0.51,0.031,3.8,141062.0,11601796.2,0.815,0.847,0.801,0.815,5.64,16.08,1.23,28.69,72325.0,68737.0,-555079.0,-4.78,453566.0,3.91,-1008645.0,-8.69,559777.0,4.82,-4698.0,-0.04,-90.0,0.846,0.848,87707747.0,74200754,74200754,2026-07-09,2026-07-09 15:34:30+08:00
159106,民企300ETF前海开源,1.19,1.1841,-0.5,0.043,3.75,11147.0,1297431.4,1.164,1.192,1.14,1.147,4.53,2.97,1.52,21.23,6704.0,4443.0,200819.0,15.48,0.0,0.0,200819.0,15.48,-186978.0,-14.41,-13839.0,-1.07,-419.0,1.167,1.192,37579488.0,44719591,44719591,2026-07-09,2026-07-09 15:34:09+08:00
159541,创业板综ETF万家,1.707,1.7082,0.07,0.061,3.71,51846.0,8596994.7,1.661,1.707,1.622,1.646,5.16,8.63,0.86,-10.43,23681.0,28165.0,-153592.0,-1.79,0.0,0.0,-153592.0,-1.79,16405.0,0.19,137186.0,1.6,5.0,1.704,1.707,60093326.0,102579307,102579307,2026-07-09,2026-07-09 15:34:42+08:00
159961,深100ETF方正富邦,2.432,2.4305,-0.06,0.086,3.67,12962.0,3079208.7,2.369,2.433,2.343,2.346,3.84,1.23,0.61,52.89,6718.0,6244.0,-867106.0,-28.16,0.0,0.0,-867106.0,-28.16,904739.0,29.38,-37633.0,-1.22,12.0,2.422,2.442,105245196.0,255956317,255956317,2026-07-09,2026-07-09 15:34:03+08:00
517390,云计算ETF天弘,2.063,2.0613,-0.08,0.072,3.62,99718.0,20180590.0,2.006,2.066,1.98,1.991,4.32,7.84,1.23,-0.62,48662.0,51056.0,430191.0,2.13,0.0,0.0,430191.0,2.13,-1215255.0,-6.02,785064.0,3.89,-299.0,2.062,2.063,127112600.0,262233294,262233294,2026-07-09,2026-07-09 16:11:37+08:00
517350,沪港深科技ETF广发,1.03,1.0305,0.05,0.036,3.62,36263.0,3677449.0,1.011,1.031,0.998,0.994,3.32,7.17,2.02,-31.03,20098.0,16165.0,1049759.0,28.55,391107.0,10.64,658652.0,17.91,-855432.0,-23.26,-194326.0,-5.28,-1436.0,1.03,1.032,50542000.0,52058260,52058260,2026-07-09,2026-07-09 16:11:55+08:00
159523,沪深300成长ETF华夏,1.355,1.3545,-0.04,0.047,3.59,116853.0,15416907.6,1.315,1.358,1.305,1.308,4.05,17.05,1.14,89.6,62564.0,54289.0,1370722.0,8.89,1063099.0,6.9,307623.0,2.0,-921108.0,-5.97,-449614.0,-2.92,-290.0,1.355,1.356,68517348.0,92841007,92841007,2026-07-09,2026-07-09 15:34:30+08:00
512720,计算机ETF国泰,1.297,1.2906,-0.5,0.045,3.59,317562.0,40319393.0,1.255,1.299,1.24,1.252,4.71,8.05,0.98,-29.62,144035.0,173527.0,-99918.0,-0.25,-5175629.0,-12.84,5075711.0,12.59,898627.0,2.23,-798710.0,-1.98,-1552.0,1.296,1.297,394453408.0,511606070,511606070,2026-07-09,2026-07-09 16:11:53+08:00
563090,上证50增强ETF易方达,1.418,1.421,0.21,0.049,3.58,57111.0,7936170.0,1.368,1.424,1.368,1.369,4.09,10.23,1.1,2.21,32578.0,24533.0,1216088.0,15.32,0.0,0.0,1216088.0,15.32,761053.0,9.59,-1977141.0,-24.91,-20.0,1.418,1.42,55848000.0,79192464,79192464,2026-07-09,2026-07-09 16:11:42+08:00
159761,新材料ETF国泰,0.928,0.9255,-0.27,0.032,3.57,212144.0,19253920.1,0.899,0.929,0.878,0.896,5.69,9.97,0.63,84.64,113576.0,98568.0,-973349.0,-5.06,499962.0,2.6,-1473311.0,-7.65,-601285.0,-3.12,1574634.0,8.18,-317.0,0.928,0.929,212734117.0,197417261,197417261,2026-07-09,2026-07-09 15:34:27+08:00
516710,新材料ETF华夏,0.872,0.8714,-0.07,0.03,3.56,140733.0,11993412.0,0.844,0.873,0.826,0.842,5.58,17.98,1.56,10.19,87397.0,53336.0,-25987.0,-0.22,1462940.0,12.2,-1488927.0,-12.41,238570.0,1.99,-212583.0,-1.77,-243.0,0.871,0.872,78272000.0,68253184,68253184,2026-07-09,2026-07-09 16:11:53+08:00
515750,科技50ETF富国,2.13,2.1304,0.02,0.073,3.55,63599.0,13296652.0,2.059,2.13,2.04,2.057,4.38,2.2,1.0,6.79,35406.0,28193.0,156034.0,1.17,941495.0,7.08,-785461.0,-5.91,83539.0,0.63,-239574.0,-1.8,-973.0,2.13,2.131,289140496.0,615869256,615869256,2026-07-09,2026-07-09 16:11:36+08:00
159723,科技龙头ETF汇添富,1.198,1.2005,0.21,0.041,3.54,26212.0,3106751.867,1.174,1.198,1.157,1.157,3.54,7.94,1.53,-65.25,18031.0,8181.0,129189.0,4.16,-800630.0,-25.77,929819.0,29.93,56859.0,1.83,-186049.0,-5.99,4174.0,1.196,1.198,33025575.0,39564639,39564639,2026-07-09,2026-07-09 15:34:06+08:00
159216,深证100ETF大成,1.62,1.6227,0.17,0.055,3.51,29292.0,4663524.3,1.571,1.62,1.555,1.565,4.15,30.68,0.95,-90.48,11051.0,18241.0,638304.0,13.69,-110322.0,-2.37,748626.0,16.05,-515519.0,-11.05,-122785.0,-2.63,309.0,1.613,1.62,9548250.0,15468165,15468165,2026-07-09,2026-07-09 15:34:51+08:00
159620,中证500成长ETF华夏,1.389,1.3836,-0.39,0.047,3.5,21251.0,2877811.5,1.352,1.389,1.331,1.342,4.32,7.05,0.61,5.36,12049.0,9202.0,-64440.0,-2.24,0.0,0.0,-64440.0,-2.24,-5843.0,-0.2,70282.0,2.44,-2.0,1.389,1.394,30140934.0,41865757,41865757,2026-07-09,2026-07-09 15:34:06+08:00
159901,深证100ETF易方达,3.974,3.9735,-0.01,0.134,3.49,1070210.0,416011562.33,3.856,3.979,3.823,3.84,4.06,11.31,0.95,-1.52,583869.0,486341.0,-22173001.0,-5.33,-14089418.0,-3.39,-8083583.0,-1.94,2454692.0,0.59,19718308.0,4.74,930.0,3.973,3.974,946334928.0,3760735004,3760735004,2026-07-09,2026-07-09 15:34:51+08:00
159678,500增强ETF博时,1.697,1.694,-0.18,0.057,3.48,50734.0,8389661.0,1.643,1.697,1.624,1.64,4.45,6.1,1.13,12.4,28829.0,21905.0,-591986.0,-7.06,0.0,0.0,-591986.0,-7.06,885358.0,10.55,-293372.0,-3.5,-5.0,1.697,1.698,83143694.0,141094849,141094849,2026-07-09,2026-07-09 15:34:48+08:00
159721,深证100ETF永赢,1.161,1.161,0.0,0.039,3.48,53533.0,6075656.3,1.133,1.162,1.121,1.122,3.65,7.49,0.97,-3.08,26101.0,27432.0,-537125.0,-8.84,0.0,0.0,-537125.0,-8.84,434161.0,7.15,102964.0,1.69,1.0,1.157,1.161,71431696.0,82932199,82932199,2026-07-09,2026-07-09 15:34:09+08:00
159998,计算机ETF天弘,1.069,1.0661,-0.27,0.036,3.48,1581732.0,166143480.0,1.032,1.072,1.025,1.033,4.55,9.87,1.35,-54.53,1074087.0,507645.0,-9850048.0,-5.93,-19542904.0,-11.76,9692856.0,5.83,-1233016.0,-0.74,11083065.0,6.67,3329.0,1.068,1.069,1601855360.0,1712383380,1712383380,2026-07-09,2026-07-09 15:34:30+08:00
516360,新材料ETF华宝,1.2,1.2011,0.09,0.04,3.45,48269.0,5646608.0,1.16,1.204,1.139,1.16,5.6,8.69,1.01,2.4,24060.0,24209.0,694722.0,12.3,717468.0,12.71,-22746.0,-0.4,-385617.0,-6.83,-309104.0,-5.47,-21.0,1.2,1.204,55551800.0,66662160,66662160,2026-07-09,2026-07-09 16:12:00+08:00
159240,A500增强ETF天弘,1.38,1.3739,-0.44,0.046,3.45,29355.0,3980733.3,1.334,1.38,1.324,1.334,4.2,20.08,2.72,43.42,8294.0,21061.0,-23023.0,-0.58,-683000.0,-17.16,659977.0,16.58,-42768.0,-1.07,65790.0,1.65,-6.0,1.38,1.381,14619776.0,20175291,20175291,2026-07-09,2026-07-09 15:34:21+08:00
516890,新材料ETF平安,0.905,0.9043,-0.08,0.03,3.43,14275.0,1256458.0,0.875,0.906,0.86,0.875,5.26,4.71,0.84,-0.35,7545.0,6730.0,-50297.0,-4.0,0.0,0.0,-50297.0,-4.0,83058.0,6.61,-32762.0,-2.61,5.0,0.904,0.905,30311400.0,27431817,27431817,2026-07-09,2026-07-09 16:11:41+08:00
159902,中小100ETF华夏,5.043,5.0266,-0.33,0.167,3.42,44058.0,21782093.0,4.876,5.063,4.852,4.876,4.33,6.25,2.12,-11.32,22512.0,21546.0,1671071.0,7.67,2712333.0,12.45,-1041262.0,-4.78,-1113492.0,-5.11,-557580.0,-2.56,59.0,5.037,5.043,70460849.0,355334062,355334062,2026-07-09,2026-07-09 15:34:54+08:00
516630,云计算ETF华夏,1.762,1.7549,-0.4,0.058,3.4,620069.0,106602033.0,1.705,1.764,1.678,1.704,5.05,10.61,1.36,-22.64,329822.0,290247.0,7114273.0,6.67,8626037.0,8.09,-1511764.0,-1.42,-1332348.0,-1.25,-5781925.0,-5.42,-2832.0,1.761,1.762,584156000.0,1029282872,1029282872,2026-07-09,2026-07-09 16:11:46+08:00
159576,深证100ETF广发,1.703,1.7033,0.02,0.056,3.4,33247.0,5540367.3,1.66,1.705,1.641,1.647,3.89,7.15,0.39,20.92,15067.0,18180.0,14160.0,0.26,0.0,0.0,14160.0,0.26,133165.0,2.4,-147324.0,-2.66,603.0,1.701,1.703,46509612.0,79205869,79205869,2026-07-09,2026-07-09 15:34:45+08:00
159211,深证100ETF富国,1.58,1.5805,0.03,0.052,3.4,26149.0,4032035.1,1.543,1.585,1.523,1.528,4.06,14.79,1.44,42.32,12698.0,13451.0,618366.0,15.34,0.0,0.0,618366.0,15.34,-479364.0,-11.89,-139001.0,-3.45,-503.0,1.579,1.58,17683294.0,27939605,27939605,2026-07-09,2026-07-09 15:34:24+08:00
159273,云计算ETF汇添富,1.52,1.5089,-0.74,0.05,3.4,394150.0,58818440.282,1.502,1.52,1.461,1.47,4.01,5.82,1.63,68.67,224737.0,169413.0,-1245793.0,-2.12,549293.0,0.93,-1795086.0,-3.05,-622976.0,-1.06,1868769.0,3.18,-3568.0,1.52,1.521,677777504.0,1030221806,1030221806,2026-07-09,2026-07-09 15:34:00+08:00
